2561 4261
212 130 264 170 70

549 117 844 162 INDEX
899 113 1230 158 RERUM
1285 83 2015 156 PRAECIPUA'RUM

211 203 402 238 commistiones,
421 204 474 233 Pro
488 204 654 237 Ferdimndo
668 206 790 240 Gurges.
813 200 910 229 Milite.
944 201 1136 236 Commiffiones.
1156 204 1209 230 Pro
1224 202 1334 240 jasoero
1352 201 1476 238 Selwyn.
1504 201 1540 227 T.
1558 198 1645 225 vul.
1682 197 1875 231 Commiffi'ones.
1892 198 1945 225 Pro
1955 198 2103 228 Willielmo
2114 201 2233 237 Kemys.
2251 197 2383 227 T.v111.

251 242 378 271 T.vi11.
398 243 476 270 RH.
495 245 523 269 6.
562 244 614 271 Pro
634 241 779 269 Willielmo
797 240 904 280 Strode,

216 301 229 310 .
252 278 352 307 Milite.
377 279 439 310 ibid.
477 282 528 308 Pro
547 281 662 308 Themi
688 279 829 307 Prideaux.
855 277 909 303 Μι-

250 315 307 345 lite.
322 318 385 349 ibid.
423 320 475 346 Pro
490 319 609 346 Hemico
635 316 714 352 Reli,
735 315 829 357 Milite.
844 314 906 342 ibid.

253 356 307 384 Pro
325 357 460 385 Edwardo
485 356 569 384 Giles.
587 356 649 384 ibid.
688 356 740 382 Pro
769 352 906 380 Richardo

257 394 430 430 Edgcombe.
453 394 515 424 ibid.
553 395 604 421 Pro
628 392 753 429 johanne
776 393 908 427 Specott,

257 432 359 461 Milite.
377 432 437 462 ibid.
476 434 527 460 Pro
542 431 681 459 Francil'co
697 429 832 456 Fulforde.
846 428 910 456 ibid.

259 471 313 498 Pro
334 469 480 497 Willielmo
505 468 588 497 Poole
602 489 608 499 ‚
639 467 738 494 Milite.
757 467 820 496 ibid.
859 468 911 494 Pro

255 508 398 537 Francisco
433 506 566 535 Glanvile.
592 506 653 534 ibid.
692 507 744 533 Pro
779 505 911 532 Edwmdo

256 547 380 576 Cotton,
401 545 597 574 Archidiacono
611 545 642 571 de
651 542 840 572 Tottonibid.
860 545 912 570 Pro

257 582 406 611 Willielmo
423 582 576 611 Walsonde.
591 582 654 610 ibid.
692 584 744 609 Pro
769 581 912 609 Ludovico

256 620 374 652 Pollard,
392 620 509 655 juniore.
526 618 588 648 ibid.
615 621 667 648 Pro
683 619 820 648 Richardo
837 621 913 656 Rey-

255 657 308 688 nell
323 659 356 686 de
372 657 490 696 ngell.
503 658 568 687 ibid.
603 659 654 686 Pro
672 658 791 686 Arthuro
807 657 912 685 Cham-

253 705 413 733 pernowue.
437 696 501 726 ibid.
539 698 591 724 Pro
620 696 716 724 Elizeo
748 695 824 725 Hele.
849 696 913 725 ibid.

258 735 311 761 Pro
332 734 458 772 Johanne
485 735 649 762 Northcott.
666 734 729 763 ibid.
769 736 820 762 Pro
845 733 913 761 Wil-

253 770 348 800 heimo
369 773 482 802 Bastard.
505 773 566 801 ibid.
605 774 657 801 Pro
678 773 802 809 Georgio
825 774 914 800 Treu-

254 809 350 841 char-d,
371 810 470 840 Milite.
487 811 549 841 ibid.
588 812 639 838 Pro
656 811 770 840 Thomfi
797 811 912 841 Freake,

259 846 358 876 Milite.
384 849 448 878 ibid.
488 851 541 878 Pro
565 849 692 886 johanne
714 852 832 877 Hanam.
850 850 913 877 ibid.

256 887 311 914 Pro
325 887 440 916 Thomfi
457 887 630 925 Trenchird,
650 888 743 915 Milite.
759 888 821 916 ibid.
860 889 912 914 Pro

252 923 382 961 johanne
409 926 601 963 Fitz—James‚
635 925 731 955 Milite.
761 927 823 954 ibid.
862 926 914 952 Pro

254 963 381 1002 Georgio
395 964 517 1002 Hoosey.
535 965 597 994 ibid.
626 966 677 992 Pro
693 965 819 1001 johanne
831 964 914 990 Bow-

254 999 279 1029 le
297 1021 305 1033 ‚
341 1004 452 1031 Decano
488 1005 593 1032 Sarum.
611 1003 671 1032 ibid.
710 1005 761 1030 Pro
787 1002 914 1039 johanne

258 1039 463 1073 Whetcombe,
500 1042 662 1079 Theologiae
687 1042 818 1069 Dostoxe.
851 1040 916 1069 ibid.

255 1079 310 1106 Pro
328 1080 463 1109 Richardo
480 1080 598 1108 Swaine.
614 1080 676 1108 ibid.
715 1081 766 1107 Pro
797 1081 916 1116 Hugoue

256 1116 347 1146 Pince.
365 1119 428 1148 ibid.
467 1120 518 1146 Pro
535 1117 694 1154 Theophilo
710 1118 836 1146 Domino
856 1119 917 1145 Ho-

257 1158 334 1185 ward
349 1158 380 1185 de
400 1155 519 1185 Walden.
538 1166 564 1192 7.
601 1158 654 1184 Pro
681 1156 830 1183 Willielmo
856 1157 916 1183 Do-

259 1194 338 1222 miuo
367 1196 447 1223 Eure.
473 1195 533 1224 ibid.
575 1196 626 1223 Pro
651 1194 791 1222 Richardo
819 1196 914 1226 flunt,

258 1233 373 1261 Decano
400 1233 591 1262 Duno'zmenli.
616 1233 680 1263 ibid.
721 1235 772 1260 Pro
795 1233 916 1260 Henrico

257 1271 417 1303 Anderson,
439 1272 549 1299 Miliite.
565 1272 618 1301 ibid
648 1274 698 1300 l’ro
717 1271 844 1308 johanne
855 1270 916 1298 Cil-

259 1309 350 1346 verly,
372 1309 471 1338 Milite.
493 1311 556 1339 ibid.
596 1312 647 1338 Pro
665 1311 789 1347 Georgia>
806 1312 917 1347 Tonge‚

262 1347 360 1374 Milite.
378 1348 442 1377 ibid.
471 1350 522 1376 Pro
541 1348 685 1386 Radulpho
703 1350 837 1385 Conyars.
855 1349 919 1377 ibid.

260 1386 313 1412 Pto
331 1386 477 1415 Willielmo
496 1387 669 1424 Muschamp.
688 1388 749 1416 ibid.
780 1388 830 1414 Pro
843 1389 917 1414 Hen-

259 1424 319 1451 rico
336 1424 450 1457 Hilton,
474 1426 629 1463 Armigem.
644 1426 707 1454 ibid.
746 1427 798 1453 Pro
813 1425 919 1463 johan-

260 1471 294 1489 ne
311 1462 464 1496 Cradsoke,
485 1463 650 1492 Cancellatio
662 1464 795 1492 Dioecesis
813 1463 920 1491 Dunol-

259 1501 369 1529 meniis.
385 1502 449 1531 ibid.
469 1503 522 1530 Pro
541 1502 648 1530 Daniele
665 1503 796 1530 ssirkliem
807 1524 814 1534 ,
825 1504 920 1529 Theo-

260 1537 341 1575 logiae
358 1541 492 1569 Doetore.
510 1540 573 1570 ibid.
613 1542 664 1568 Pro
688 1541 828 1568 Francii'co
853 1543 919 1568 Bur-

262 1585 373 1614 goyne,
393 1579 557 1617 Theologiae
576 1579 828 1608 baccalaureoibia.
868 1581 920 1607 Pro

262 1616 444 1645 Marmeduco
454 1617 589 1645 Blakiston
600 1639 606 1649 ,
618 1619 645 1645 in
658 1619 766 1646 Atticus
781 1618 920 1653 Magistm.

260 1654 324 1683 ibid.
364 1655 415 1682 Pro
437 1656 557 1684 Henrico
584 1657 740 1687 Ewlnnke,
762 1657 789 1683 in
809 1657 917 1684 Artibus

261 1692 403 1729 Magistro.
421 1694 483 1723 ibid.
518 1696 569 1722 Pro
587 1695 731 1732 Radulphu
750 1694 918 1722 Fctherliou-

261 1730 353 1767 halgh.
371 1731 432 1760 ibid.
455 1734 506 1760 Pro
521 1733 628 1769 jacobo
640 1732 766 1760 Lawi‘on.
784 1733 846 1761 ibid.
866 1734 917 1760 Pro

261 1768 410 1798 Willielmo
434 1770 545 1798 Alforde
567 1773 600 1799 de
626 1771 720 1802 masc,
744 1770 839 1800 Milite.
857 1772 920 1800 ibid.

262 1808 314 1836 Pro
331 1808 457 1846 Philippo
474 1810 648 1841 Monkemn,
665 1810 764 1838 Milite.
784 1808 846 1838 ibid.
867 1812 918 1838 Pro

261 1846 382 1875 Henxico
399 1847 499 1875 Bankes
510 1868 517 1879 ,
533 1847 698 1885 Theolugiae
709 1849 839 1876 Doctum.
857 1850 919 1877 ibid.

258 1885 311 1912 Pro
335 1886 454 1914 Henrico
479 1885 595 1916 Allured.
608 1886 671 1915 ibid.
712 1888 763 1914 Pro
792 1887 919 1924 Jolunne

262 1923 403 1960 Lidgeard.
421 1923 483 1953 ibid.
524 1926 575 1953 Pro
595 1924 732 1953 Nicholao
749 1925 919 1963 Girlington.

259 1961 322 1992 ibid.
367 1962 418 1991 Pro
447 1964 558 2001 Rogero
587 1964 740 2001 Seuthaby.
763 1964 824 1992 ibid.
866 1965 917 1992 Pro

259 1999 375 2028 'thom-:1
399 2001 517 2029 Peirson.
541 2002 601 2031 ibid.
639 2004 691 2030 Pro
717 2003 833 2030 Themi
861 2005 917 2030 He-

258 2037 425 2067 blethwaite.
442 2040 504 2069 ibid.
528 2042 579 2068 Pro
589 2041 717 2069 Guidone
733 2040 852 2072 Palmes,
864 2042 918 2068 Mi-

258 2075 314 2104 lite.
331 2077 394 2106 ibid.
431 2080 483 2106 Pro
502 2079 637 2107 aichardo
652 2080 801 2117 Tempest,
825 2080 921 2108 Milite.

257 2115 322 2144 ibid.
361 2117 413 2144 Pro
450 2117 588 2145 Richardo
618 2116 790 2148 Saltonstall‚
820 2117 917 2147 Milite.

259 2154 323 2182 ibid.
361 2155 413 2182 Pro
431 2155 552 2183 Roberto
568 2155 636 2193 Clay
650 2177 657 2188 ,
677 2155 838 2193 Theologiae
859 2158 917 2183 Do-

259 2192 344 2220 ἃυῑε.
361 2193 424 2222 ibid.
463 2195 514 2221 Pro
536 2196 652 2222 Thomzi.
677 2194 861 2222 Wentworth
885 2195 918 2223 de

262 2229 396 2258 Elmesall.
424 2231 484 2260 ibid.
522 2233 573 2259 Pro
596 2233 712 2260 Themi
737 2231 919 2261 Mawliverer.

257 2268 320 2298 ibid.
361 2270 413 2296 Pro
446 2269 557 2306 Jaspeto
592 2269 737 2299 Blithman.
763 2271 825 2300 ibid.
865 2274 917 2299 Pro

267 2307 406 2334 Edwardo
441 2307 564 2346 Clough.
598 2310 661 2337 ibid.
715 2311 766 2336 Pro
795 2309 918 2338 Christo-

262 2344 347 2381 phero
367 2346 536 2384 flambridge.
553 2345 616 2375 ibid.
644 2349 695 2374 Pro
711 2347 831 2383 Jervafio
850 2349 916 2376 Ric—

261 2383 337 2411 kard.
360 2385 423 2412 ibid.
462 2386 514 2412 Pro
540 2385 665 2420 johanne
692 2385 831 2414 Bamford.
854 2387 916 2415 ibid.

261 2423 314 2449 Pro
329 2422 445 2450 Thoma
470 2423 615 2460 Dawuey,
640 2422 734 2451 Milite.
762 2424 824 2452 ibid.
865 2427 915 2453 Pro

259 2461 376 2488 ‘rhama
394 2459 598 2498 Heblethwayt.
613 2461 676 2490 ibid.
716 2464 767 2490 Pro
782 2464 914 2491 Edivarilo

259 2500 384 2535 Peyton,
409 2499 495 2527 Milite
512 2501 539 2527 ἃ
558 2502 712 2527 ssaronctto.
733 2501 760 2528 8.
799 2502 849 2529 Pro
860 2503 915 2529 Mi-

257 2536 320 2565 lone
349 2537 440 2565 Sandis
458 2558 465 2568 ,
501 2538 586 2565 Milite
614 2540 641 2566 &
672 2540 829 2567 Batonetm.
854 2541 917 2570 ibid.

259 2577 312 2604 Pro
328 2575 454 2612 Johttnne
472 2577 594 2613 Peyzon,
618 2577 722 2609 Milite,
743 2578 915 2606 Gubernato-

255 2624 283 2642 re
308 2615 340 2641 de
359 2613 463 2651 Jersey.
481 2616 543 2643 ibid.
583 2617 635 2642 Pro
660 2616 784 2652 johanne
807 2618 914 2654 Peyton

255 2653 288 2681 de
305 2653 468 2690 Dodington
479 2674 485 2683 .
511 2653 609 2681 Milite.
626 2653 688 2682 ibid.
728 2656 780 2682 Pro
797 2656 914 2685 Tliomss

258 2691 399 2722 Athowe,
421 2692 559 2719 Servieme
575 2692 607 2719 ad
631 2694 743 2729 Legem.
761 2692 822 2722 ibid.
863 2697 914 2723 Pro

254 2729 380 2766 Johaune
413 2729 531 2766 Cropley
551 2752 557 2762 ‚
587 2730 749 2768 Theologice
783 2733 916 2762 Doctore.

254 2767 318 2797 ibid.
358 2769 409 2796 Pro
442 2768 587 2804 Jerouimo
617 2768 690 2796 Beale
708 2789 714 2799 ,
751 2769 913 2809 Theologiae

259 2807 392 2835 Dodtote.
408 2805 470 2834 ibid.
489 2808 540 2834 Pro
557 2807 672 2834 Thomtl
695 2807 784 2839 Eden,
805 2810 911 2846 Legum

256 2845 403 2876 Doctore,
435 2854 491 2871 uno
516 2845 710 2881 Magistrorum
734 2846 913 2875 Cancellariae.

255 2882 318 2910 ibid.
355 2884 407 2909 Pro
429 2882 539 2909 Daniele
566 2883 721 2919 Wigrnore,
741 2884 914 2913 Archidiato-

256 2929 294 2947 no
314 2919 419 2948 Elienfi.
436 2920 498 2948 ibid.
536 2922 586 2948 Pro
614 2921 747 2958 Sinolpho
773 2921 834 2949 Bell.
851 2925 914 2952 ibid.

259 2959 311 2985 Pro
333 2957 473 2986 Francii'co
493 2959 600 2986 titulun.
619 2959 681 2986 ibid.
721 2961 770 2987 Pro
790 2961 914 2989 Robcrto

256 2996 370 3024 elench.
397 2996 460 3024 ibid.
497 2999 548 3024 Pro
574 2996 729 3024 Harbotello
753 2999 912 3031 Grimiion,

257 3033 346 3062 Milite
378 3036 405 3062 &
440 3036 595 3062 Batonetto.
616 3036 677 3063 ibis.
718 3038 768 3063 Pio
799 3038 912 3066 Thou-,i

260 3073 390 3103 Cheeke,
412 3072 510 3100 Milite.
528 3075 591 3101 ibid.
610 3075 661 3101 Pro
677 3074 823 3102 Willielmo
836 3079 912 3104 Sti-:r-

261 3111 330 3142 vile,
356 3110 452 3139 Milite.
474 3111 534 3140 ibid.
573 3113 624 3139 Pro
643 3112 780 3139 Nicholao
803 3115 912 3147 Come,

263 3148 361 3177 Milite.
379 3150 442 3177 ibid.
480 3150 531 3177 Pro
548 3151 672 3177 Roberto
694 3151 821 3187 Qarles,
841 3154 913 3180 Mili-

259 3195 286 3215 te
314 3188 374 3216 ibid.
411 3189 464 3214 Pro
480 3188 600 3215 Henrico
619 3188 750 3225 Mildmay
766 3190 798 3216 de
821 3192 914 3220 Graies

257 3225 366 3262 juniore
377 3247 384 3257 ‚
407 3225 503 3254 Milite.
520 3225 584 3254 ibid.
604 3228 656 3254 Pro
668 3226 814 3255 Willielmo
826 3229 912 3263 Fisch,

260 3263 360 3292 Milite.
376 3264 437 3293 ibid.
476 3266 527 3291 Pro
545 3265 659 3292 Thomb
680 3265 915 3302 Wyniffe,Tlico·

260 3301 343 3339 logiae
361 3304 493 3330 Doc‘kore.
512 3304 573 3330 ibid.
610 3305 660 3331 Pro
680 3305 813 3331 Richarezo
834 3308 913 3334 Frau-

262 3342 308 3370 ke.
331 3340 394 3369 ibid.
431 3342 482 3368 Pro
508 3341 627 3369 Henrico
650 3343 733 3370 Gent.
761 3344 823 3371 ibid.
862 3347 913 3372 Pro

261 3378 410 3406 Willielmo
426 3377 547 3414 Ayloffe.
564 3380 625 3407 ibid.
655 3382 707 3406 Pro
724 3381 848 3418 Johinne
863 3386 914 3410 Ar-

260 3417 322 3455 gall.
337 3417 399 3446 ibid.
437 3418 488 3444 Pro
506 3418 644 3444 Anthomo
656 3419 758 3446 Luthei·
782 3422 843 3448 ibid.
864 3423 914 3448 Pro

262 3456 386 3484 Henrico
412 3456 535 3482 Mewris.
559 3457 620 3483 ibid.
660 3457 712 3483 Pro
736 3457 851 3486 Thema
877 3463 915 3487 A·

262 3495 347 3523 dams.
366 3494 429 3522 ibid.
468 3495 519 3521 Pro
538 3493 635 3529 Egidio
656 3494 814 3530 Fettiplace,
844 3498 914 3524 Mili-

262 3539 298 3561 te.
316 3533 377 3562 ibid.
416 3533 468 3559 Pro
493 3531 627 3558 Richir'do
650 3532 819 3571 Catclirnay,
843 3536 915 3562 Mili-

264 3578 301 3598 te.
318 3572 381 3599 ibid.
421 3571 473 3598 Pro
500 3567 647 3597 Willielmo
671 3572 794 3607 GwyeS,
818 3574 916 3601 Milite.

259 3611 323 3638 iiid.
362 3611 414 3636 Pro
447 3607 578 3636 Nichalao
611 3609 753 3645 Overbury
773 3630 779 3639 ‚
810 3612 913 3644 Milite,

261 3649 324 3675 ibid.
363 3649 414 3675 Pro
433 3646 578 3674 Willielmo
604 3646 716 3678 Mastet,
739 3646 836 3675 Milite.
854 3650 914 3678 ibid.

262 3686 313 3713 Pro
330 3685 454 3722 Johanne
477 3687 623 3713 Prattman.
639 3684 702 3713 ibid.
739 3687 790 3712 Pro
811 3687 915 3723 Johan-

263 3732 296 3750 ne
315 3725 457 3760 Bridgman
467 3743 474 3755 ,
485 3723 571 3751 Milite
583 3744 590 3755 ,
608 3724 744 3750 Serviente
759 3725 791 3750 ad
804 3727 916 3762 Legem.

261 3761 321 3788 ibid.
359 3763 409 3788 Pro
423 3762 549 3799 Johanne
564 3762 644 3789 Baber
655 3782 662 3790 .
683 3761 845 3800 Theologiae
857 3766 916 3791 Do.

264 3799 347 3826 stote.
360 3800 421 3828 ibid.
447 3802 498 3827 Pro
510 3799 657 3827 Willielmo
674 3801 833 3828 Norwood.
852 3803 914 3830 ibid,

265 3837 315 3863 Pro
333 3839 454 3865 Roberto
474 3839 573 3865 Pointz
593 3840 626 3866 de
643 3839 744 3866 Aaou.
760 3839 823 3867 ibid.
864 3842 913 3868 Pro

262 3874 396 3902 Richardo
423 3877 531 3903 Easton.
548 3877 610 3906 ibid.
640 3878 691 3903 Pro
709 3876 832 3905 Samuele
849 3880 916 3906 Bur-

261 3917 326 3942 ton,
351 3913 547 3941 Archidiacono
561 3915 746 3943 Gloucestriae.
764 3915 824 3944 ibid.
864 3918 914 3944 Pro

263 3950 381 3976 Hem-ico
406 3951 562 3981 Rainsx'ord.
591 3954 654 3982 ibid.
693 3955 744 3982 Pro
776 3954 912 3982 Rielmdo

262 3985 396 4015 Delabere.
414 3989 475 4017 ibid.

984 239 1099 267 P.11.s.
1125 241 1177 267 Pro
1194 236 1359 268 Timdthaeo
1377 242 1470 267 Gates.
1488 238 1550 266 ibid.
1589 237 1642 263 Pro

985 277 1146 305 Nathaniele
1160 278 1297 306 Coxwell.
1315 278 1377 307 ibid.
1411 279 1463 304 Pro
1480 273 1644 303 Nathaniele

986 316 1102 343 stereus.
1117 315 1180 345 ibid.
1219 319 1271 345 Pro
1296 317 1414 343 Hemico
1435 313 1562 342 Dennise.
1580 313 1644 341 ibid.

986 354 1038 381 Pro
1055 355 1175 382 Henrico
1193 353 1364 385 Cromwell,
1383 354 1503 388 juniore.
1523 362 1551 388 9.
1590 352 1643 378 Pro

985 392 1111 429 Georgia
1127 392 1237 424 Chute,
1258 392 1357 420 Milite.
1376 392 1440 420 ibid.
1480 392 1533 418 Pro
1551 391 1645 432 Hum-

985 428 1057 458 frido
1082 430 1252 462 fiaskervile,
1280 430 1378 457 Milite.
1396 430 1459 458 ibid.
1498 431 1551 457 Pro
1576 426 1645 454 Wil-

985 465 1080 495 lielmo
1097 470 1234 501 Hoskffis,
1253 469 1391 496 Serviente
1401 471 1432 496 ad
1451 470 1565 504 Legem.
1583 465 1646 495 ibid.

988 507 1041 534 Pro
1077 507 1272 534 Fitzwilliamo
1296 506 1472 544 Coningsby.
1496 505 1556 534 ibid.
1594 506 1647 532 Pro

988 543 1114 580 johanne
1130 544 1262 573 Rudhull.
1280 544 1342 573 ibid.
1363 547 1414 572 Pro
1425 544 1552 581 johanne
1563 542 1647 570 Kirle.

987 582 1048 611 ibid.
1074 585 1126 611 Pro
1143 584 1247 621 jacobo
1263 584 1414 611 Tomkins.
1432 583 1494 612 ibid.
1529 584 1581 609 Pro
1597 581 1648 618 Jo-

988 619 1078 648 hanne
1104 621 1243 653 Abxahall.
1263 622 1381 656 juniore.
1400 622 1461 651 ibid.
1501 622 1552 648 Pro
1569 620 1649 647 Tho·

990 660 1040 687 mi
1055 660 1156 687 Cones·
1173 660 1233 689 ibid.
1254 662 1305 687 Pro
1324 660 1471 687 Ambrosio
1482 659 1573 687 Elton.
1587 658 1649 687 ibid.

990 698 1044 724 Pro
1066 698 1207 726 Francifico
1234 697 1385 726 Smalman.
1402 699 1462 728 ibid.
1502 700 1553 726 Pro
1583 696 1649 724 Wil-

989 733 1083 763 lielmo
1100 736 1192 764 Child.
1209 737 1268 766 ibid.
1308 738 1359 765 Pro
1376 737 1502 774 johanne
1518 735 1649 767 Garrard,

991 773 1082 802 Milite
1114 777 1142 804 ὃς
1170 776 1327 804 Batoneuo.
1351 776 1411 806 ibid.
1451 777 1504 803 Pro
1531 774 1652 803 Arthuro

991 811 1103 852 Capell,
1134 813 1232 841 Milite.
1250 814 1310 843 ibid.
1350 816 1402 842 Pro
1426 812 1528 841 Carolo
1552 812 1644 843 Cesar,

993 851 1092 879 Milite.
1109 852 1170 881 ibid.
1211 854 1262 879 Pto
1288 851 1437 880 Willielmo
1459 853 1572 883 Litton,
1596 851 1651 878 Mi—

993 887 1051 916 lite.
1070 891 1134 919 ibid.
1152 891 1204 918 Pro
1225 892 1381 929 Egromont
1398 891 1536 927 Thynne,
1549 889 1654 920 Milite,

991 928 1129 956 Serviente
1157 929 1190 956 ad
1220 931 1333 966 Legem.
1351 929 1411 958 ibid.
1449 930 1501 956 Pro
1532 928 1650 955 Thoma

992 966 1172 995 Mountforde
1183 988 1189 999 ‚
1201 967 1364 1004 Theologiae
1375 967 1509 994 noetore.
1517 967 1577 995 ibid.
1599 967 1652 993 Pro

993 1004 1116 1032 Roberto
1135 1004 1252 1036 Newell,
1264 1004 1428 1043 Theologiae
1440 1006 1573 1032 Deitore.
1591 1004 1653 1033 ibid.

992 1043 1043 1069 Pro
1061 1043 1219 1080 Theophilo
1230 1043 1332 1071 Ailmer
1341 1064 1348 1075 ,
1372 1042 1533 1080 Theologiae
1543 1043 1653 1070 DoCto-

992 1089 1032 1107 re.
1047 1081 1111 1109 ibid.
1130 1083 1183 1109 Pro
1200 1084 1271 1109 Luca
1284 1084 1409 1114 Nonou,
1430 1092 1488 1109 uno
1503 1082 1654 1120 Magistro-

992 1128 1055 1146 rum
1076 1119 1256 1148 Cancellariae.
1277 1121 1340 1151 ibid.
1369 1123 1422 1148 Pro
1439 1121 1570 1147 Simeone
1587 1122 1652 1147 Bro-

992 1166 1062 1194 gtas.
1087 1159 1150 1188 ibid.
1189 1161 1241 1187 Pro
1263 1159 1382 1187 Themi
1411 1160 1567 1188 Fanshawe.
1590 1158 1654 1187 ibid.

999 1197 1051 1223 Pro
1069 1196 1195 1234 johanne
1220 1199 1317 1227 Watts.
1334 1197 1397 1227 ibid.
1438 1200 1490 1226 Pro
1517 1198 1653 1224 Edwardo

993 1233 1093 1268 Pulter.
1118 1235 1180 1265 ibid.
1220 1237 1273 1264 Pro
1302 1236 1446 1274 Radulpho
1479 1235 1656 1264 Wilbtaham.

992 1273 1056 1303 ibid,
1102 1276 1154 1301 Pro
1190 1274 1328 1303 Richardo
1365 1275 1475 1303 Wroth.
1494 1275 1557 1303 ibid.
1604 1275 1655 1301 Pro

993 1311 1107 1339 Thomai
1124 1313 1280 1350 Compton.
1302 1324 1344 1341 to.
1364 1316 1417 1342 Pro
1432 1313 1571 1341 Nicholao
1585 1311 1659 1339 Tuf-

995 1356 1060 1382 ton,
1087 1352 1246 1380 Baronetto.
1270 1352 1335 1382 ibid.
1374 1354 1427 1379 Pro
1453 1352 1569 1379 Thomb.
1598 1352 1658 1378 Ro-

992 1386 1079 1420 berts,
1103 1390 1192 1417 Milite
1208 1393 1234 1419 ὃς
1254 1393 1411 1418 Bai-onetto.
1426 1391 1488 1419 ibid.
1509 1391 1560 1417 Pro
1580 1390 1657 1416 Dud-

994 1424 1047 1453 leio
1075 1428 1162 1465 Diggs
1181 1449 1188 1459 ,
1220 1429 1317 1456 Milite.
1335 1429 1398 1459 ibid.
1437 1432 1487 1457 Pro
1532 1428 1656 1455 Roberto

999 1465 1148 1498 ansess,
1171 1466 1268 1496 Milite.
1288 1468 1349 1497 ibid.
1390 1471 1442 1496 Pro
1465 1465 1656 1494 Maximiliano

996 1503 1133 1534 Dailison,
1157 1505 1252 1533 Milite.
1271 1506 1333 1535 ibid.
1374 1508 1426 1535 Pro
1444 1506 1567 1534 Antonio
1589 1506 1658 1532 Dee-

995 1542 1073 1578 riug,
1099 1542 1198 1570 Milite.
1216 1544 1279 1575 ibid.
1320 1547 1370 1572 Pro
1388 1544 1521 1572 Edwardo
1545 1543 1654 1575 Filmer,

996 1580 1094 1609 Milite.
1111 1581 1172 1609 ibid.
1212 1584 1264 1610 Pro
1286 1583 1434 1611 Willielmo
1450 1582 1589 1613 Witheus,
1602 1582 1658 1609 Mi-

993 1616 1047 1644 lite.
1067 1619 1128 1648 ibid.
1168 1622 1219 1648 Pto
1240 1623 1372 1650 Nortono
1396 1619 1579 1652 Knatchbull,
1603 1621 1656 1647 Mi-

994 1655 1050 1683 lite.
1068 1658 1130 1686 ibid.
1151 1660 1202 1686 Pro
1224 1660 1356 1688 Edwardo
1372 1663 1461 1698 Boys,
1486 1659 1655 1688 Milite.ibid.

996 1696 1046 1721 Pro
1069 1698 1194 1734 Geor-gio
1217 1697 1318 1726 Pawle.
1343 1700 1407 1729 ibid,
1447 1700 1498 1726 Pro
1523 1698 1657 1726 Edwardo

996 1734 1088 1761 Deke.
1105 1735 1166 1764 ibid.
1205 1737 1256 1764 Pro
1275 1738 1398 1775 Georgio
1423 1738 1576 1764 Newman.
1593 1736 1657 1765 ibid.

995 1773 1047 1799 Pro
1066 1774 1191 1801 Roberto
1211 1776 1362 1805 Lewknor.
1379 1777 1439 1806 ibid.
1478 1777 1530 1803 Pro
1556 1775 1655 1802 Hem-i-

994 1819 1028 1837 co
1043 1811 1197 1841 Gritnston.
1214 1813 1275 1843 ibid.
1314 1816 1366 1842 Pro
1380 1814 1507 1852 johanne
1522 1815 1658 1850 Heywar-

996 1849 1030 1876 de
1051 1850 1154 1882 Milite,
1176 1861 1233 1879 uno
1253 1854 1450 1891 Magistrorum
1476 1851 1659 1880 Cancellariae.

991 1887 1053 1917 ibid.
1096 1890 1151 1916 Pro
1171 1890 1296 1926 johanne
1322 1891 1536 1929 Honnywood,
1560 1889 1659 1920 Milite.

994 1925 1056 1956 ibid.
1095 1928 1147 1955 Pro
1167 1929 1301 1960 Edwardo
1318 1932 1452 1962 Hendon,
1476 1929 1617 1957 serviente
1627 1930 1661 1957 ad

998 1966 1112 2003 Legem.
1130 1967 1190 1996 ibid.
1211 1970 1263 1997 Pro
1281 1969 1419 1998 Richardo
1431 1968 1557 1997 Amherst
1569 1989 1576 2000 ‚
1599 1970 1660 1996 Ses-

996 2003 1088 2032 viente
1103 2005 1134 2032 ad
1151 2007 1263 2045 Legem.
1279 2008 1342 2038 ibid.
1369 2009 1422 2036 Pro
1439 2007 1567 2044 johanne
1578 2009 1658 2038 Dun,

995 2042 1107 2070 Decano
1132 2045 1224 2073 Saneti
1248 2046 1322 2074 Pauli
1349 2046 1477 2074 Londori.
1501 2045 1565 2075 ibid.
1606 2046 1658 2073 Pro

995 2080 1125 2116 johanne
1147 2084 1311 2117 ancrofoe,
1337 2083 1502 2122 Theologiae
1523 2083 1659 2110 Dostore.

994 2119 1056 2148 ibid.
1102 2121 1154 2148 Pro
1181 2122 1307 2159 johanne
1332 2122 1473 2160 Simpson.
1497 2121 1560 2151 ibid.
1605 2123 1656 2149 Pro

999 2158 1135 2185 Edwardo
1155 2162 1243 2188 Scott.
1261 2160 1324 2190 ibid.
1353 2163 1405 2189 Pro
1422 2160 1557 2188 Edwardo
1568 2160 1657 2189 Hadd.

994 2195 1057 2224 ibid.
1095 2197 1148 2224 Pro
1173 2199 1309 2228 Edwardo
1331 2198 1487 2235 Randolph.
1505 2199 1569 2228 ibid.
1604 2199 1657 2225 Pro

998 2234 1195 2271 Christophero
1219 2239 1293 2265 Man.
1317 2237 1379 2267 ibid.
1427 2239 1480 2266 Pro
1506 2235 1655 2263 Willielmo

998 2272 1105 2300 Villiers
1118 2293 1125 2303 ,
1146 2276 1302 2303 Batonetto.
1319 2277 1382 2304 ibid.
1399 2277 1451 2302 Pro
1467 2275 1583 2302 Thomss
1595 2275 1651 2301 He-

995 2309 1129 2348 selrigge‚
1154 2313 1242 2340 Milite
1262 2316 1289 2342 &
1308 2316 1466 2341 Bai-onetto.
1499 2313 1562 2342 ibid.
1599 2313 1652 2340 Pro

996 2350 1117 2376 chrico
1142 2352 1298 2387 Skipwith,
1329 2353 1417 2380 Milite
1439 2355 1466 2381 &
1499 2354 1654 2379 ssaronctto.

992 2386 1054 2415 ibid.
1095 2391 1145 2416 Pro
1176 2390 1292 2418 Thumi
1318 2391 1410 2428 Merry
1429 2412 1436 2422 ,
1468 2390 1565 2418 Milite.
1589 2390 1652 2420 ibid.

995 2427 1047 2452 Pro
1073 2426 1221 2455 Willielmo
1246 2431 1351 2462 Faunt,
1376 2430 1476 2458 Milite.
1498 2429 1559 2458 ibid.
1600 2430 1651 2456 Pro

994 2463 1135 2493 Wolstano
1155 2467 1261 2504 Dixey,
1280 2469 1343 2498 ibid.
1381 2471 1432 2497 Pro
1453 2468 1575 2504 johanne
1592 2468 1653 2495 Ber-

993 2502 1068 2539 ridge
1089 2524 1094 2533 ‚
1137 2505 1299 2544 Theologiae
1335 2509 1470 2535 Dostore.
1498 2507 1560 2535 ibid.
1601 2507 1652 2534 Pro

993 2541 1108 2570 Thumi
1128 2543 1257 2573 Sheldon.
1276 2545 1336 2575 ibid.
1377 2547 1428 2573 Pro
1453 2545 1576 2581 Georgio
1598 2547 1651 2572 Pu-

994 2578 1064 2616 refy.
1081 2582 1142 2610 ibid.
1185 2584 1236 2610 Pro
1253 2583 1379 2620 johanne
1396 2586 1478 2611 Cive.
1495 2584 1558 2612 ibid.
1598 2585 1650 2610 Pro

992 2619 1115 2656 Georgio
1134 2621 1276 2654 Manners,
1298 2624 1393 2649 Milite.
1410 2622 1472 2651 ibid.
1512 2623 1564 2648 Pro
1584 2621 1652 2648 Wil-

993 2654 1086 2684 lielmo
1104 2660 1227 2695 Armyn,
1251 2662 1406 2690 Batonetto.
1423 2661 1488 2689 ibid.
1527 2661 1579 2686 Pro
1596 2662 1651 2687 Ha-

993 2697 1097 2723 mondo
1118 2697 1292 2730 whitthom
1317 2699 1414 2726 Milite.
1433 2699 1497 2727 ibid.
1522 2699 1574 2724 Pro
1594 2700 1650 2725 An-

993 2735 1071 2760 tonio
1096 2734 1157 2762 Pell.
1174 2736 1237 2764 ibid.
1276 2739 1327 2764 Pro
1356 2738 1499 2764 Leonardo
1522 2737 1649 2768 Bautree,

993 2772 1133 2799 Serviente
1157 2776 1189 2801 ad
1215 2776 1329 2811 Legem.
1355 2775 1418 2804 ibid.
1457 2777 1510 2801 Pro
1539 2775 1651 2810 Rogero

991 2809 1104 2841 Parker,
1130 2812 1238 2839 Decano
1261 2812 1419 2841 Lincolniae.
1434 2812 1497 2841 ibid.
1537 2814 1587 2839 Pro
1601 2812 1651 2839 Ri-

991 2847 1090 2875 chardo
1127 2850 1316 2879 Blownlowe.
1342 2852 1405 2880 ibid.
1453 2853 1505 2878 Pro
1530 2850 1649 2881 lohanne

994 2884 1094 2918 Eland,
1116 2889 1314 2916 Archidiscono
1332 2889 1490 2916 Betifordiae.
1509 2888 1570 2918 ibid.
1598 2890 1649 2915 Pro

991 2923 1116 2959 Johanne
1140 2926 1327 2955 Brownlowe.
1346 2928 1409 2956 ibid.
1450 2929 1501 2954 Pro
1526 2927 1649 2954 Antonio

991 2961 1122 2990 Therold.
1138 2963 1199 2993 ibid.
1240 2967 1292 2992 Pro
1321 2967 1442 2993 Roberto
1466 2964 1550 2992 Collis
1585 2965 1648 2993 ibid.

992 3001 1042 3026 Pro
1060 3001 1187 3037 Johinne
1199 3003 1375 3036 Middlecom
1397 3003 1492 3031 Milite.
1512 3004 1573 3032 ibid.
1597 3005 1648 3031 Pro

991 3040 1115 3066 Antonio
1132 3041 1206 3078 Juby
1218 3062 1224 3073 ,
1248 3051 1304 3069 uno
1331 3043 1521 3080 Magistrotum
1539 3041 1651 3069 Cancel-

991 3075 1068 3104 lariae.
1109 3088 1149 3107 tt.
1190 3082 1240 3108 Pro
1276 3081 1402 3118 Philippo
1439 3080 1559 3109 Watson.
1584 3081 1648 3109 ibid.

992 3116 1044 3142 Pro
1073 3118 1217 3154 Petegrino
1244 3120 1341 3156 Bany,
1375 3119 1471 3147 Milite.
1495 3120 1557 3147 ibid.
1595 3120 1648 3146 Pro

994 3153 1115 3187 johanne
1136 3159 1232 3194 Wray,
1255 3157 1343 3185 Milite
1365 3160 1391 3186 δε
1416 3160 1570 3186 Bai-onetto.
1589 3156 1652 3186 ibid.

991 3193 1043 3219 Pro
1077 3194 1217 3222 Francisco
1249 3196 1355 3227 South‚
1388 3196 1483 3224 Milite.
1500 3196 1561 3225 ibid.
1598 3197 1650 3223 Pro

993 3230 1138 3268 Radulpho
1166 3235 1311 3262 Middison
1329 3255 1335 3267 ,
1369 3233 1466 3262 Milite.
1492 3237 1555 3263 ibid.
1599 3235 1650 3262 Pro

993 3269 1130 3298 Edwardo
1149 3273 1307 3314 Aiscough.
1332 3272 1427 3300 Milite.
1442 3273 1502 3302 ibid.
1530 3275 1581 3300 Pro
1598 3272 1650 3308 Jo-

992 3307 1079 3335 hanne
1094 3310 1221 3348 Fatinery
1231 3333 1237 3343 ,
1253 3314 1358 3349 Legum
1373 3311 1576 3341 DoCtoredbid.
1596 3314 1647 3340 Pro

993 3346 1117 3383 Georgio
1142 3349 1239 3381 issand,
1264 3351 1465 3377 Archidiacono
1482 3350 1646 3379 Bedt'ordiae.

990 3383 1052 3411 ibid.
1092 3386 1142 3412 Pro
1157 3388 1280 3425 Georgio
1305 3391 1345 3416 St.
1369 3388 1470 3415 Paxvle.
1491 3389 1554 3417 ibid.
1594 3391 1647 3418 Pro

993 3421 1118 3457 johanne
1135 3424 1228 3454 Bolles.
1245 3427 1306 3455 ibid.
1344 3428 1396 3454 Pro
1415 3426 1552 3454 Richardo
1569 3427 1650 3458 Bellu.

990 3460 1052 3488 ibi-l.
1079 3462 1130 3488 Pro
1149 3463 1272 3500 Jolmniie
1291 3465 1441 3502 Suckling,
1465 3464 1561 3496 Milite,
1572 3467 1650 3494 Con<

993 3499 1180 3528 nai-otulatote
1196 3503 1325 3540 Hospitii.
1346 3503 1408 3532 ibid.
1432 3504 1484 3530 Pro
1503 3502 1650 3532 Willielmo

995 3537 1132 3569 BVOHkffi‘,
1157 3540 1252 3568 Milite.
1267 3542 1330 3572 ibid.
1370 3543 1421 3569 Pro
1439 3541 1558 3568 Heurico
1581 3542 1651 3580 Spil-

993 3572 1046 3606 les,
1074 3575 1171 3605 Milite.
1195 3580 1257 3609 ibid.
1297 3582 1349 3608 Pro
1388 3579 1535 3607 Willielmo
1566 3581 1649 3609 Pari<-

993 3612 1083 3644 hurst,
1113 3616 1208 3645 Milite.
1233 3619 1295 3649 ibid,
1334 3620 1387 3646 Pro
1413 3618 1536 3645 Roberto
1560 3618 1648 3652 Rich,

995 3650 1105 3682 Milite,
1135 3655 1266 3693 Mzgistro
1296 3655 1475 3684 Cancellariae.
1492 3655 1555 3684 ibid.
1594 3658 1647 3684 Pro

993 3689 1116 3727 Georgio
1134 3694 1308 3726 Gouldman,
1330 3694 1494 3731 Theologiae
1515 3694 1649 3723 Dostore.

991 3726 1052 3756 ibib.
1098 3731 1149 3757 Pro
1178 3733 1312 3760 Edwardo
1346 3734 1466 3761 Foreett.
1490 3732 1555 3760 ibid.
1593 3734 1646 3760 Pro

995 3765 1130 3794 Nicholclo
1150 3771 1281 3798 thinton.
1300 3771 1360 3800 ibid.
1398 3772 1450 3797 Pro
1470 3768 1588 3796 Waltero
1612 3772 1648 3797 A-

991 3801 1125 3832 lexander.
1156 3808 1218 3838 ibid.
1261 3811 1312 3836 Pro
1340 3808 1482 3846 Radulpho
1509 3809 1651 3837 Havvtree.

991 3842 1052 3871 ibid.
1093 3844 1143 3872 Pro
1167 3848 1291 3884 Georgia
1323 3847 1472 3874 Willmore.
1490 3845 1553 3874 ibid.
1592 3847 1644 3873 Pro

997 3880 1119 3909 Esmbeo
1153 3886 1294 3913 Andrews.
1328 3885 1392 3913 ibid.
1440 3886 1492 3912 Pto
1520 3885 1644 3920 Georgio

995 3919 1084 3955 Long.
1110 3921 1173 3949 ibid.
1210 3925 1262 3950 Pro
1292 3922 1439 3951 Willielmo
1474 3921 1560 3949 sslake.
1585 3922 1647 3951 ibid.

992 3955 1045 3982 Pro
1063 3958 1196 3988 Nich01a0
1215 3964 1333 3999 Kemys.
1355 3971 1397 3990 ιι.
1424 3963 1476 3988 Pro
1496 3959 1643 3988 Willielmo

993 3992 1119 4032 Blethyn.
1141 3998 1205 4028 ibid.

1720 235 1800 263 Ru.
1825 244 1869 261 12.
1906 236 1960 262 Pro
1975 236 2093 266 Thema
2111 238 2246 275 Episcopo
2262 239 2294 266 de
2313 236 2381 263 Bur-

1719 281 1757 309 go
1774 272 1869 300 Sanffi
1891 273 1974 300 Petri.
1989 273 2050 302 ibid.
2087 276 2140 304 Pro
2168 276 2300 312 Mildmay
2319 276 2380 301 DO-

1719 310 1798 338 mino
1814 311 1963 348 Burghesti.
1979 311 2042 341 ibid.
2069 313 2122 340 1³10
2136 314 2261 349 johanne
2278 312 2380 342 Domi·

1722 358 1760 376 no
1786 350 1925 378 Mordant.
1939 349 2002 379 ibid.
2042 351 2094 377 Pro
2117 351 2233 381 Thumi
2255 353 2380 380 Edmon-

1719 388 1782 419 des,
1814 387 1918 419 Milite,
1949 387 2128 416 Thesaurario
2161 391 2292 427 Hospitii.
2317 389 2381 420 ibid.

1722 427 1775 453 Pro
1795 427 1916 454 Henxico
1933 426 2057 459 Hobart,
2080 425 2170 454 Milite
2183 430 2211 456 δε
2222 430 2379 459 Basonetto,

1723 463 1839 500 Capitali
1863 465 2016 502 justitiario
2039 465 2072 494 de
2098 466 2255 502 Commurii
2276 468 2383 494 Banco.

1719 502 1784 531 ibid.
1830 504 1883 530 Pro
1914 502 2027 531 Erasmo
2059 504 2162 532 Driden
2177 524 2186 535 ,
2224 506 2380 532 Baronetto.

1719 540 1782 568 ibid.
1821 542 1873 568 Pro
1890 541 2037 569 Ludovico
2047 541 2176 573 Waffon,
2199 541 2322 571 Milite&
2335 544 2382 570 Ba-

1725 585 1846 607 ronetto.
1862 579 1924 609 ibid.
1951 581 2004 608 Pro
2021 580 2113 618 Capell
2130 579 2233 612 Bedell,
2256 583 2383 609 Baronet-

1725 626 1767 645 to.
1792 617 1854 647 ibid.
1895 619 1948 645 Pro
1974 620 2100 647 Hattouo
2126 620 2235 647 Farmer
2250 639 2258 651 ‚
2283 619 2383 647 Milite.

1724 655 1786 685 ibid.
1826 658 1878 684 Pro
1905 656 2044 685 Richardo
2070 657 2230 686 Chetwood
2247 679 2254 690 ,
2284 656 2384 685 Milite.

1723 695 1786 724 ibid.
1804 696 1856 722 Pro
1876 694 2025 722 Willielmo
2041 694 2184 727 Samwell,
2207 696 2305 724 Milite.
2320 696 2384 725 ibid.

1726 734 1778 761 Pro
1808 733 1949 761 Edwardo
1978 733 2088 772 Onley,
2113 733 2212 763 Milite.
2232 735 2295 764 ibid.
2331 736 2383 762 Pro

1725 771 1851 799 Roberto
1870 772 2009 805 Banastre,
2031 772 2131 801 Milite.
2150 772 2215 802 ibid.
2254 775 2306 801 Pro
2331 773 2386 801 Ed-

1724 811 1819 838 wardo
1837 812 2000 847 Hampden,
2023 811 2122 840 Milite.
2137 812 2199 841 ibid.
2220 813 2272 839 Pro
2280 811 2385 849 johan-

1725 858 1760 876 ne
1786 849 1889 877 Lambe
1906 870 1914 881 ,
1941 849 2039 878 Milite.
2064 851 2127 879 ibid.
2166 851 2218 878 Pro
2248 850 2385 878 Richardo

1727 887 1875 925 Knightly.
1891 888 1954 918 ibid.
1992 890 2045 917 Pro
2082 891 2196 926 Rogero
2225 887 2302 918 Dale.
2326 889 2388 918 ibid.

1725 927 1777 954 Pro
1799 926 1938 955 Francisco
1958 927 2075 956 Nicolls.
2091 927 2155 958 ibid.
2193 928 2246 955 Pro
2263 927 2387 955 Antonio

1727 966 1883 994 Herenden.
1900 966 1962 995 ibid.
1982 967 2034 995 Pro
2054 967 2192 995 Richardo
2204 965 2389 1003 CartWtight.

1726 1002 1788 1032 ibid.
1842 1006 1895 1032 Pto
1921 1004 2050 1041 johanne
2079 1004 2202 1042 W'orley.
2235 1005 2298 1034 ibid.
2334 1006 2387 1032 Pro

1728 1039 1849 1069 Fulcone
1866 1044 1991 1080 Buttery.
2004 1043 2067 1073 ibid.
2104 1045 2156 1071 Pro
2176 1043 2298 1073 Arthuro
2306 1044 2387 1071 Goo—

1726 1079 1787 1115 day-
1802 1080 1862 1110 ibid.
1902 1082 1954 1109 Pro
1973 1081 2115 1111 francisco
2134 1084 2228 1110 Cutte.
2245 1083 2309 1112 ibid.
2336 1083 2390 1109 Pro

1725 1117 1853 1154 johanne
1870 1120 1986 1150 Bourne.
2002 1122 2063 1151 ibid.
2083 1123 2135 1149 Pro
2145 1121 2299 1149 Cuthbei·to
2308 1119 2393 1158 Ogle.

1725 1157 1787 1185 ibid.
1826 1158 1879 1184 Pro
1904 1158 2028 1186 Lionello
2053 1158 2211 1188 Talmache.
2235 1160 2299 1189 ibid.
2338 1161 2391 1187 Pro

1730 1194 1858 1232 Philippo
1877 1196 2003 1224 Knivett.
2019 1199 2081 1227 ibid.
2102 1200 2154 1226 Pro
2167 1197 2315 1225 Willielmo
2324 1196 2391 1225 Yel-

1730 1236 1841 1265 verton,
1865 1235 2020 1262 Batonetto.
2035 1237 2096 1266 ibid.
2136 1238 2188 1264 Pto
2207 1236 2308 1264 Carolo
2317 1237 2390 1264 Cor-

1729 1271 1865 1304 newallis,
1887 1272 1983 1301 Milite.
2008 1274 2071 1304 ibid.
2110 1276 2162 1302 Pro
2189 1275 2308 1303 Arthuro
2332 1276 2391 1302 He-

1729 1311 1896 1347 veningham
1916 1331 1924 1342 ‚
1952 1311 2050 1340 Milite.
2078 1314 2139 1342 ibid.
2175 1315 2229 1341 Pro
2262 1313 2392 1351 johanne

1732 1348 1858 1385 Peyton,
1879 1348 1976 1378 Milite.
1996 1352 2058 1380 ibid.
2095 1353 2146 1379 Pro
2167 1353 2287 1380 Henrico
2311 1351 2391 1389 Spill—

1730 1396 1809 1418 man,
1834 1386 1931 1415 Milite.
1949 1390 2011 1418 ibid.
2049 1391 2100 1417 Pro
2118 1391 2274 1428 Augustino
2283 1389 2391 1428 Palgra-

1728 1434 1776 1456 ve,
1808 1427 1907 1454 Milite.
1930 1428 1993 1457 ibid.
2032 1429 2086 1455 Pro
2111 1427 2392 1467 Roberto‘Gawdy,

1731 1463 1830 1492 Milite.
1862 1465 1923 1497 ibid.
1965 1467 2017 1494 Pro
2050 1466 2166 1496 Thomb.
2197 1467 2390 1505 Jenkingson.

1733 1502 1831 1533 Milite.
1847 1504 1908 1532 ibid.
1944 1504 1994 1531 Pro
2008 1504 2107 1532 Carolo
2121 1504 2145 1533 le
2157 1507 2249 1533 Groos
2261 1526 2268 1537 ‚
2290 1506 2391 1535 Milite.

1731 1542 1793 1569 ibid.
1813 1543 1864 1569 Pru
1885 1544 2009 1570 Roberto
2030 1545 2147 1580 Kempe.
2164 1544 2225 1574 ibid.
2247 1546 2298 1572 Pro
2323 1543 2393 1572 Wil-

1731 1578 1825 1607 lielmo
1842 1580 1960 1617 Playters
1971 1602 1977 1612 ,
1998 1581 2094 1610 Milite.
2111 1584 2173 1612 ibid.
2206 1584 2258 1610 Pro
2274 1583 2393 1612 Thomzi

1735 1620 1841 1646 Atnow
1857 1639 1865 1651 ‚
1894 1620 2032 1647 Serviente
2057 1622 2089 1649 ad
2119 1623 2218 1660 Lgem.
2237 1622 2299 1651 ibid.
2338 1623 2392 1649 Pro

1732 1657 1860 1684 Roberto
1885 1658 2027 1691 Redman,
2052 1660 2158 1698 Legum
2179 1661 2314 1687 Doaore.
2329 1662 2393 1689 ibid.

1730 1696 1782 1722 Pro
1793 1695 1996 1734 Framlingham
2007 1699 2116 1734 Gawdy
2142 1699 2204 1728 ibid.
2223 1700 2275 1726 Pro
2295 1699 2394 1725 Heni-i-

1729 1743 1765 1761 co
1779 1736 1894 1772 ReppeS.
1912 1736 1975 1764 ibid.
1993 1738 2045 1764 Pro
2056 1736 2171 1764 Thema
2181 1736 2256 1764 Holl.
2279 1745 2321 1773 ¹3·
2341 1738 2395 1764 Pro

1731 1772 1838 1809 jacobo
1856 1774 1986 1803 Scamler.
2008 1775 2073 1805 ibid.
2109 1776 2163 1802 Pro
2180 1775 2291 1803 Owino
2307 1775 2395 1813 Shep-

1730 1811 1805 1848 perd.
1822 1812 1884 1842 ibid.
1914 1814 1966 1841 Pro
1982 1813 2110 1851 Johanne
2126 1813 2237 1852 Jermy.
2252 1814 2313 1844 ibid.
2340 1815 2394 1841 Pro

1731 1850 1862 1886 johanne
1879 1853 1987 1880 Soame.
2004 1853 2069 1882 ibid.
2103 1854 2154 1880 Pro
2170 1854 2279 1881 Adamo
2298 1853 2393 1879 Scam—

1732 1888 1778 1917 ler.
1796 1889 1859 1919 ibid.
1901 1891 1953 1917 Pto
1970 1890 2110 1919 Richardo
2122 1891 2244 1919 Freston.
2259 1890 2322 1920 ibid.
2341 1891 2395 1918 Pro

1734 1927 1862 1964 Johanne
1877 1930 1966 1957 Potrs.
1981 1929 2042 1958 ibid.
2081 1929 2133 1956 Pro
2156 1928 2282 1958 Galfrido
2301 1930 2396 1963 Ward,

1732 1966 1795 1995 ibid.
1833 1969 1887 1995 Pro
1920 1966 2059 1994 Francisco
2094 1967 2200 2005 Mapes.
2230 1967 2291 1997 ibid.
2338 1968 2392 1995 Pro

1735 2003 1878 2033 Francisto
1897 2003 2004 2032 Patlett.
2021 2005 2083 2035 ibid.
2100 2007 2154 2033 Pro
2171 2005 2319 2034 Willielmo
2330 2006 2394 2035 Bar-

1733 2043 1812 2079 naby.
1832 2043 1894 2073 ibid.
1933 2044 1985 2070 Pro
2001 2043 2126 2080 Johanne
2143 2045 2298 2075 Cradocke‚
2321 2044 2397 2072 Can·

1732 2079 1836 2108 cellario
1861 2081 1996 2109 Dioecefis
2026 2081 2219 2109 Dunelrnenlis
2240 2083 2302 2112 ibid.
2340 2083 2393 2111 Pro

1731 2117 2002 2155 JohanneffCmister.
2017 2120 2079 2150 ibid.
2104 2121 2156 2147 Pro
2171 2120 2288 2150 Thomb
2305 2122 2394 2150 Ottrd.

1729 2158 1792 2185 ibid.
1831 2159 1884 2185 Pro
1921 2157 2078 2186 Cuthberto
2105 2161 2213 2187 Heron.
2236 2160 2299 2190 ibid.
2341 2161 2393 2188 Pro

1731 2195 1886 2224 Cuthberto
1911 2196 2010 2233 Ridley
2028 2218 2035 2229 ‚
2064 2196 2226 2236 Theologiae
2254 2199 2393 2228 Baccalau-

1729 2242 1786 2262 reo.
1803 2234 1865 2263 ibid.
1904 2235 1956 2262 Pro
1973 2235 2135 2273 Hardolpho
2148 2237 2305 2275 Wastneyes
2317 2259 2324 2270 ,
2343 2239 2393 2267 Ba-

1728 2281 1849 2302 tonetw.
1872 2273 1935 2302 ibid.
1974 2275 2027 2302 Pro
2062 2276 2187 2312 Georgio
2214 2277 2390 2310 Chaworth¹

1728 2310 1829 2339 Milite.
1846 2312 1908 2341 ibid.
1947 2313 2000 2340 Pro
2043 2313 2152 2341 ohanne
2166 2314 2390 2354 Thornehaugh,

1725 2348 1824 2378 Milite.
1843 2348 1904 2380 ibid.
1942 2352 1994 2379 Pro
2031 2352 2139 2380 ohanne
2155 2355 2264 2391 Byron,
2291 2355 2391 2382 Milite.

1724 2389 1787 2418 ibid.
1826 2391 1878 2417 Pro
1906 2390 2033 2428 Georgio
2061 2390 2188 2423 Lascells,
2211 2393 2309 2421 Milite.
2326 2393 2388 2422 ibid.

1726 2427 1778 2454 Pro
1794 2428 1909 2456 Thomb.
1927 2429 2107 2460 Huchinson.
2124 2429 2222 2459 Milite.
2239 2431 2300 2461 ibid.
2336 2432 2387 2458 Pro

1727 2466 1868 2494 Francisco
1885 2465 2090 2506 Thornhaugh.
2117 2467 2213 2496 Milite.
2231 2470 2292 2498 ibid.
2333 2471 2386 2498 Pro
2440 2465 2443 2469 ’

1729 2504 1853 2532 Roberto
1895 2506 2063 2542 Pierrepont.
2093 2507 2155 2535 ibid.
2201 2508 2253 2533 Pro
2286 2509 2388 2535 Henri-

1725 2551 1760 2569 co
1778 2543 1950 2571 Sacheverell.
1967 2545 2029 2573 ibid.
2049 2546 2102 2571 Pro
2121 2544 2270 2573 Lanceloto
2288 2546 2386 2575 Rowl-

1724 2580 1794 2608 ston.
1811 2581 1872 2610 ibid.
1913 2583 1964 2608 Pro
1983 2583 2109 2618 johanne
2130 2585 2230 2613 Wood.
2250 2581 2311 2613 ibid.
2331 2587 2384 2613 Pro

1725 2619 1887 2647 Timothaeo
1905 2619 1986 2656 Pusy.
2004 2622 2064 2650 ibid.
2084 2622 2136 2648 Pro
2153 2622 2289 2650 Edwardo
2300 2623 2383 2657 Frier,

1725 2657 1883 2684 Batonetto.
1903 2658 1964 2687 ibid.
1985 2661 2037 2687 Pro
2054 2660 2190 2687 Richardo
2211 2661 2382 2694 Waineman,

1727 2694 1826 2722 Milite.
1843 2698 1905 2724 ibid.
1944 2698 1996 2724 Pro
2014 2697 2155 2726 Francisco
2172 2700 2286 2731 Stoner,
2310 2700 2386 2728 Mili-

1722 2739 1758 2760 te.
1783 2734 1842 2762 ibid.
1890 2737 1943 2762 Pro
1973 2735 2120 2763 Willielmo
2152 2737 2241 2773 Paddy
2259 2758 2267 2769 ,
2306 2738 2383 2766 Mili-

1724 2778 1761 2798 te.
1779 2772 1840 2800 ibid.
1877 2774 1930 2799 Pro
1946 2773 2061 2802 Thumi
2086 2776 2193 2811 Anger,
2218 2775 2382 2815 Theologiae

1727 2810 1861 2838 Doffikore.
1886 2811 1948 2839 ibid.
1994 2813 2046 2839 Pro
2077 2812 2205 2849 Johanne
2237 2815 2383 2849 standard,

1725 2847 1890 2885 Theologiae
1916 2851 2051 2880 Dostore.
2083 2852 2146 2880 ibid.
2190 2854 2243 2880 Pro
2277 2853 2383 2890 Johan-

1722 2895 1757 2913 ne
1784 2886 1887 2924 Hally.
1924 2890 2034 2925 Legum
2064 2890 2198 2918 Doctore.
2229 2891 2290 2921 ibid.
2329 2894 2381 2920 Pro

1722 2925 1844 2952 Henrico
1872 2927 2031 2955 Samborne.
2062 2929 2123 2957 ibid.
2162 2930 2215 2956 Pro
2242 2930 2379 2959 Richardo

1724 2962 1817 3000 Light.
1833 2964 1894 2993 ibid.
1933 2967 1985 2992 Pro
2004 2966 2206 2994 Bartholomaeo
2229 2969 2380 3007 Tippinge.

1719 3003 1779 3031 ibid.
1820 3004 1871 3030 Pro
1891 3004 2029 3032 Richardo
2045 3004 2123 3035 Libb.
2141 3006 2203 3035 ibid.
2230 3009 2281 3035 Pro
2298 3007 2379 3035 Tho-

1724 3042 1772 3068 mi
1790 3040 1918 3079 Flexney.
1937 3043 1997 3071 ibid.
2026 3045 2079 3070 Pro
2096 3043 2242 3072 Willielmo
2259 3045 2378 3074 Bulstro·
2404 3065 2407 3068 -

1719 3078 1768 3110 de,
1791 3080 1888 3108 Milite.
1912 3091 1954 3117 ¹4-
1988 3083 2040 3108 Pro
2055 3082 2175 3110 Henrico
2193 3084 2300 3120 Mynn,
2322 3085 2379 3112 Mi-

1721 3115 1778 3146 lite.
1791 3116 1853 3147 ibid.
1892 3120 1945 3146 Pro
1969 3119 2106 3149 Richardo
2128 3120 2250 3159 Huffay,
2280 3121 2379 3152 Milite.

1718 3156 1779 3184 ibid.
1808 3158 1859 3184 Pro
1878 3157 2018 3186 Richardo
2035 3160 2189 3196 Newport‚
2214 3158 2377 3190 Milite.ibid.

1725 3196 1778 3222 Pro
1804 3196 1912 3224 Andrezi
1941 3197 2073 3228 Corbett,
2102 3196 2200 3225 Milite.
2223 3197 2284 3227 ibid.
2323 3200 2376 3226 Pro

1723 3232 1850 3270 Philippo
1868 3235 1978 3271 Eyton,
2001 3234 2096 3263 Milite.
2113 3234 2174 3264 ibid.
2200 3236 2252 3262 Pro
2267 3235 2376 3272 Johan-

1722 3280 1755 3298 ne
1771 3271 1933 3300 Rawlinson
1950 3293 1958 3304 ,
1987 3272 2147 3310 Theologiae
2166 3273 2298 3301 Doaore.
2313 3275 2377 3306 ibid.

1723 3311 1775 3337 Pro
1796 3310 1933 3338 Richardo
1953 3311 2067 3338 Mitton.
2085 3311 2145 3340 ibid.
2184 3312 2236 3338 Pro
2258 3311 2375 3341 Waltero

1723 3349 1826 3375 Αέίοη.
1857 3347 1918 3378 ibid.
1957 3350 2009 3376 Pro
2036 3349 2149 3376 Thomfi
2176 3348 2290 3378 Ireland.
2314 3353 2375 3381 ibid.

1722 3386 1774 3412 Pro
1792 3385 1944 3414 Humfrido
1963 3385 2089 3414 Walcott.
2107 3386 2167 3416 ibid.
2193 3389 2246 3415 Pro
2261 3388 2376 3417 Williel-

1725 3433 1774 3451 mo
1799 3425 1957 3461 Courtney‚
1981 3424 2079 3452 Milite.
2093 3426 2156 3455 ibid.
2183 3427 2235 3454 Pro
2259 3427 2377 3458 Themi

1721 3461 1847 3493 Thinne‚
1871 3461 1968 3490 Milite.
1984 3461 2045 3492 ibid.
2084 3465 2137 3491 Pro
2155 3464 2283 3502 johanne
2302 3468 2378 3495 Hor·

1722 3509 1784 3531 ner,
1815 3499 1912 3528 Milite.
1936 3501 1998 3530 ibid.
2037 3503 2090 3529 Pro
2121 3502 2248 3539 johanne
2272 3504 2376 3538 Baber,

1720 3537 1884 3574 Theologiae
1915 3540 2050 3569 Doctore.
2073 3540 2134 3570 ibid.
2173 3544 2225 3570 Pro
2252 3543 2378 3580 Geor-gio

1723 3576 1864 3613 Lutrerell²
1885 3575 1947 3607 ibid.
1977 3578 2036 3606 'Pro
2058 3579 2185 3616 johanne
2205 3579 2297 3608 Coles.
2313 3582 2377 3611 ibid.

1722 3614 1774 3640 Pro
1792 3614 1919 3651 Johanne
1934 3617 2009 3653 May.
2027 3618 2090 3646 ibid.
2107 3619 2160 3645 Pro
2177 3618 2283 3654 jacobo
2297 3619 2377 3648 Biffe.

1719 3652 1781 3680 ibid.
1800 3654 1852 3680 Pro
1863 3654 1888 3680 N
1893 3654 2027 3683 athanaele
2037 3655 2105 3684 Still.
2114 3656 2175 3683 ibid.
2193 3655 2376 3695 ProJohanne

1720 3690 1813 3726 Syms.
1829 3693 1891 3721 ibid.
1927 3695 1979 3720 Pro
1999 3693 2144 3722 Willielmo
2159 3695 2299 3725 Frauncis.
2312 3697 2377 3726 ibid.

1722 3729 1774 3755 Pro
1798 3730 1923 3759 Roberto
1944 3731 2036 3760 Cuffe.
2059 3732 2122 3761 ibid.
2159 3733 2212 3760 Pro
2241 3734 2376 3763 Matthaeo

1723 3767 1835 3798 E-wens.
1857 3771 1921 3798 ibid.
1960 3772 2011 3798 Pro
2038 3770 2162 3798 Antonio
2191 3772 2298 3801 stoker.
2314 3773 2378 3801 ibid.

1723 3805 1775 3832 Pro
1793 3807 1928 3837 Edwasdo
1950 3809 2058 3837 Tainte.
2072 3809 2134 3837 ibid.
2172 3811 2226 3837 Pro
2247 3810 2377 3848 johanne

1724 3845 1836 3875 Herbin.
1853 3848 1913 3876 ibid.
1951 3847 2003 3874 Pro
2019 3846 2133 3875 Thoma
2153 3847 2255 3884 Jervis,
2277 3848 2377 3877 Milite.

1727 3892 1771 3917 ις.
1813 3885 1866 3912 Pro
1901 3885 2028 3920 johanne
2054 3884 2201 3922 Oglander.
2225 3883 2286 3916 ibid.
2325 3888 2378 3914 Pro

1724 3923 1849 3950 Roberto
1879 3924 2091 3961 Oxembregge,
2121 3923 2218 3951 Milite.
2243 3932 2287 3963 ις.
2325 3926 2379 3954 Pro

1725 3960 1874 3987 Willielmo
1890 3962 1961 3992 Pitt,
1985 3961 2082 3989 Milite.
2100 3963 2162 3990 ibid.
2199 3964 2250 3989 Pro
2270 3963 2380 3992 Rober-

1725 4005 1754 4025 to
1774 3999 1910 4030 Kercher,
1930 3998 2093 4036 Theologiae
2109 4001 2242 4028 Dofitore.
2258 3999 2320 4030 ibid.

2300 4042 2378 4067 Com-
