2561 4261
209 120 259 160 72

252 190 421 220 Comitatus.
463 192 598 221 T.v111.
623 192 697 219 P.11.
724 198 767 226 35.

211 232 404 266 Commiffiones.
442 231 494 258 Pro
510 229 635 267 johanne
650 227 739 256 Pearse
759 223 910 268 Generoso.

249 269 313 296 ibid.
337 270 390 296 Pro
409 268 543 296 Richardo
558 268 730 296 Tichborne,
742 263 910 291 Milite.ib1d.

254 308 307 334 Pro
327 307 454 344 johanne
471 305 542 334 Foell
554 326 560 337 ,
577 304 730 340 Armigero.
749 301 812 328 ibid.
851 301 910 344 .P.‘⁰

254 344 403 373 Willielmo
418 342 658 379 Thornborough‚
676 339 829 377 Armigero.
846 338 910 366 ibid.

253 384 307 411 Pro
335 383 461 421 Johanne
497 378 721 414 Browne-John
744 397 751 408 ‚
786 377 911 404 Genero-

254 420 286 449 so
307 442 315 454 ,
359 420 489 449 Feodario
526 416 683 445 comitatus
712 413 910 455 Southampto-

254 459 307 487 niae
328 481 336 493 ‚
378 462 406 488 ὅτ,
430 457 567 485 Escaetore
589 455 711 489 ejusdem
742 452 909 481 Comitatus.

257 497 321 525 ibid.
359 499 411 524 Pro
434 493 578 523 Lanceloto
601 492 730 528 Thorpe,
759 490 910 518 Generoso-

255 535 319 563 ibid.
354 537 405 562 Pro
427 534 520 560 Evano
549 530 706 567 Vaughan.
746 526 910 567 Theologiae

258 573 391 601 Doctore.
407 570 469 598 ibid.
507 571 559 596 Pro
575 568 679 604 jacobo
695 567 768 595 Price
779 587 786 598 ‚
815 566 908 594 Armi-

255 620 331 648 gero.
349 609 412 638 ibid.
452 609 504 635 Pro
526 604 661 634 Nicholao
680 603 825 632 Meredith.
847 604 909 634 ibid.

255 651 308 676 Pro
325 645 463 674 Francisco
484 644 613 672 Richards
624 664 631 676 ,
645 642 785 671 Generosa
796 662 803 674 ,
814 644 842 670 &
860 642 908 671 Es·

252 692 357 713 caetore
377 682 534 712 Comitatus
555 679 734 710 Herefordiae.
756 681 816 710 ibid.
855 682 908 709 Pro

271 723 356 751 acobo
378 723 502 750 Newton
514 741 521 752 ,
537 719 754 750 Generosodbid.
769 721 822 748 Pro
840 718 909 747 wil-

250 724 344 789 lielmo
365 758 445 798 Selby
460 780 468 793 ‚
494 758 590 787 Milite.
612 758 676 788 ibid.
720 760 773 786 Pro
795 757 910 785 Thoma

253 798 388 827 Midleton
401 818 408 829 ‚
432 798 586 835 Armigero.
603 797 666 829 ibid,
704 798 756 824 Pro
775 796 910 824 Richardo

252 839 326 866 Orde
344 857 351 869 ,
388 836 532 874 Armigero
550 856 557 867 ,
588 835 720 863 Feodario
752 834 911 862 Comitatus

253 874 540 904 Northumberlandiae
551 895 557 905 ‚
577 875 609 902 ὃς
625 873 769 901 Escaetore
787 872 909 907 ejusdem

251 913 421 942 Comitatus.
434 913 498 941 ibid.
511 913 564 940 Pro
580 911 723 939 Ludovico
741 911 908 948 Withering-

249 959 311 985 ton,
331 951 482 980 Generoso.
496 948 559 979 ibid.
597 952 649 978 Pro
670 950 809 977 Edwardo
824 949 908 981 Price,

250 990 410 1028 Armigero.
423 988 487 1018 ibid.
524 990 576 1016 Pro
594 988 713 1016 Arthuro
735 988 824 1020 Price,
854 988 908 1015 Ar-

253 1030 371 1067 migero.
392 1027 456 1057 ibid.
494 1030 546 1056 Pro
569 1026 667 1055 Carolo
692 1026 804 1054 Herbert
818 1046 826 1058 ,
854 1028 906 1054 Ar·

252 1068 372 1105 migero.
391 1065 456 1095 ibid.
494 1067 546 1093 Pro
563 1065 696 1093 Matthaeo
714 1064 905 1096 Price‚Armi-

249 1115 328 1143 gero.
346 1104 409 1134 ibid.
447 1106 499 1133 Pro
514 1103 649 1131 Meredith
666 1104 796 1141 Morgan,
815 1103 906 1130 Armi-

249 1153 326 1181 gero.
342 1144 404 1172 ibid.
437 1145 490 1172 Pro
510 1142 637 1179 johanne
651 1143 738 1179 Paye,
756 1141 906 1174 Generoso,

250 1183 382 1211 Feodario
404 1181 561 1209 Comitatus
586 1182 816 1217 Mountgomery.
842 1178 906 1207 ibid.

250 1222 302 1248 Pro
320 1221 425 1249 Dav-ide
449 1220 565 1256 Blaney,
590 1218 732 1246 Generoso
762 1216 824 1245 ibid.
853 1220 905 1246 Pro

251 1259 387 1287 Edwardo
399 1258 581 1296 Wittingham
594 1278 601 1289 ,
611 1256 762 1285 Generoso.
780 1255 842 1286 ibid.
853 1259 905 1284 Pro

252 1297 370 1324 Waltero
390 1296 482 1324 Smith
498 1317 505 1328 ,
534 1295 632 1323 Milite.
649 1294 712 1323 ibid.
751 1297 803 1322 Pro
825 1297 907 1323 Fran-

249 1335 321 1363 cisco
341 1334 461 1366 Dowse‚
489 1334 588 1362 Milite.
606 1332 668 1362 ibid.
708 1335 760 1361 Pro
782 1335 907 1362 Edmun-

249 1375 286 1401 do
302 1373 513 1411 Hungerffirde,
531 1373 686 1410 Armigero.
704 1370 767 1400 ibid.
777 1373 827 1400 Pro
846 1375 907 1400 Hu-

248 1421 322 1449 gone
341 1414 514 1450 Crompton,
526 1412 670 1449 Armigero
687 1409 748 1439 ibid.
760 1412 811 1438 Pro
828 1411 909 1439 Tho-

249 1451 295 1477 ma
312 1450 415 1483 Aliefe,
435 1447 592 1481 Generoso,
605 1449 734 1477 Feodario
750 1448 908 1477 Comitatus

250 1488 378 1517 Wiltefiae
393 1511 400 1522 ‚
427 1491 455 1518 ἐξ
476 1488 616 1516 Escaetore
639 1487 760 1523 ejusdem
781 1489 907 1516 Comita-

247 1526 303 1555 tus,
321 1525 385 1556 ibid.
423 1528 476 1555 on
505 1526 651 1555 Willielmo
671 1525 789 1557 Orfeur,
814 1527 907 1554 Armi-

247 1574 323 1602 gero.
343 1565 406 1594 ibid.
441 1567 492 1594 Pro
511 1565 639 1601 Johanne
658 1564 824 1597 Chambers,
848 1567 906 1592 Ge-

250 1605 357 1632 neroso.
376 1603 438 1632 ibid.
483 1605 536 1632 Pro
562 1602 709 1631 Willielmo
734 1603 905 1636 Martindale,

249 1643 397 1671 Generoso.
423 1640 486 1670 ibid.
530 1643 582 1669 Pro
611 1642 763 1669 Cuthberto
786 1641 905 1675 Orfeus,

248 1681 405 1713 Generoso,
423 1681 552 1709 Feodario
572 1680 729 1707 Comitatus
751 1681 903 1712 Cumbriae,

246 1721 273 1747 δε
300 1719 437 1746 Escaerore
453 1718 574 1754 ejusdcm
591 1715 828 1745 Comitatfflabm.
852 1719 904 1746 Pro

247 1756 396 1785 Willielmo
416 1756 487 1789 Hill,
513 1757 673 1794 Armigero,
699 1757 804 1791 Maiore
824 1758 904 1785 Civi-

245 1796 306 1823 tatis
325 1795 563 1827 Gloucestrienlis,
575 1798 602 1824 δι
624 1795 764 1823 Escaetore
780 1794 902 1829 ejusdem

247 1834 384 1865 Civitatis,
401 1832 463 1862 ibid.
501 1835 553 1861 Pro
574 1834 699 1870 Georgio
733 1834 900 1870 Raymond,

247 1873 398 1901 Generoso.
413 1871 476 1902 ibid.
496 1874 548 1899 Pro
565 1872 668 1908 jacobo
682 1871 799 1904 Powell‚
810 1874 902 1901 Gene-

247 1911 320 1938 roso.
340 1909 403 1939 ibid.
449 1912 501 1938 Pro
517 1910 654 1947 Stephano
671 1909 904 1941 Halford,Gene-

248 1949 320 1977 roso.
338 1948 400 1977 ibid.
438 1951 490 1977 Pro
511 1950 688 1977 Marmaduco
706 1948 828 1986 Wyvell,
848 1950 903 1978 Mi-

243 1985 289 2015 lite
306 1990 332 2016 &
349 1985 575 2016 Batonetto.ibid.
592 1989 643 2015 Pro
657 1987 812 2015 Timotheo
828 1990 902 2017 Hut-

246 2033 312 2059 ton,
324 2025 421 2054 Milite.
458 2028 510 2054 Pro
532 2025 658 2063 Johanne
677 2025 834 2064 Calverley‚
847 2028 901 2055 Mi-

246 2063 294 2091 lite
321 2062 385 2092 ibid.
424 2066 475 2092 Pro
495 2064 620 2101 Georgio
645 2066 745 2101 Tonge
763 2085 770 2096 ‚
805 2064 903 2095 Milite.

242 2100 307 2132 ibid.
328 2105 380 2131 Pro
403 2101 504 2131 Talbot
522 2105 634 2134 Bowes,
654 2102 752 2130 Milite.
769 2101 830 2132 ibid.
850 2106 903 2133 Pro

245 2141 399 2170 Humfrido
422 2141 571 2171 Wharton.
591 2141 747 2178 Armigero.
765 2140 828 2170 ibid.
848 2144 900 2171 Pro

246 2179 395 2208 Willielmo
414 2179 534 2211 Nelson,
552 2180 708 2211 Generoso,
720 2183 747 2208 ὃς
763 2179 903 2210 Escaetore

247 2218 405 2246 Comitatus
423 2218 555 2246 Eborum.
574 2216 637 2247 ibid.
675 2219 728 2245 Pro
754 2216 902 2247 Willielmo

244 2256 431 2293 Cartwright,
455 2256 609 2293 Armigero.
620 2253 685 2284 ibid.
717 2257 768 2284 Pro
785 2256 901 2287 Themi

247 2294 427 2322 Wentworth
444 2314 452 2326 ‚
479 2295 635 2332 Armigero.
650 2292 714 2323 ibid.
750 2296 802 2322 Pro
819 2296 901 2324 Fran-

244 2332 318 2361 cisco
343 2333 471 2365 Burdett,
497 2333 651 2370 Armigero.
667 2331 731 2362 ibid.
771 2334 824 2361 Pro
841 2335 900 2362 Ro-

242 2371 322 2398 berto
345 2370 489 2408 Rockley,
513 2372 669 2407 Armigero.
684 2370 747 2399 ibid.
775 2372 827 2399 Pro
843 2374 897 2401 Ca-

244 2408 304 2437 rolo
322 2409 516 2441 Grecnwood,
541 2409 659 2437 Clerico.
676 2407 741 2438 ibid.
774 2411 825 2438 Pro
840 2412 899 2438 Ge·

243 2448 324 2485 orgio
356 2449 499 2485 Armitage
521 2468 528 2480 ‚
561 2447 702 2476 Generoso
741 2445 804 2477 ibid.
844 2451 896 2478 Pro

243 2486 361 2513 Dudleio
384 2488 508 2513 Domino
529 2485 657 2514 Carleton
675 2506 682 2518 ‚
710 2488 738 2515 &
762 2486 829 2515 aliis.
853 2497 897 2522 72.

244 2525 296 2551 Pro
316 2524 442 2561 johanne
463 2524 564 2556 Savile,
584 2524 689 2555 Milite,
710 2526 736 2553 δε
751 2524 819 2556 aliis.
851 2527 896 2562 78.

242 2564 294 2590 Pro
316 2563 449 2590 Edwardo
468 2561 575 2590 Villiers
586 2583 592 2594 ‚
612 2562 716 2595 Milite,
728 2566 755 2592 δ(
771 2563 836 2592 aliis.
852 2574 897 2600 79.

241 2602 294 2627 Pro
322 2602 447 2629 Domino
478 2602 602 2629 Roberto
634 2600 823 2640 Willoughby.
852 2605 898 2641 83.

241 2640 294 2666 1³10
315 2640 427 2668 Thoma
441 2640 556 2667 Comite
569 2638 728 2668 Arundelliae
744 2643 772 2668 &
789 2642 899 2676 Surriae,

241 2680 269 2706 &
289 2677 356 2707 aliis.
375 2678 422 2706 86.
457 2680 510 2706 Pro
528 2678 661 2706 Edwardo
688 2678 800 2711 Villers,
822 2680 897 2708 Mili-

241 2723 284 2748 te,
300 2719 326 2745 ὅ(
340 2716 408 2744 aliis.
427 2716 472 2751 87.
498 2718 549 2744 Pro
565 2716 669 2752 jacobo
692 2717 805 2745 Comite
825 2720 897 2746 Mar-

241 2753 373 2792 leburgh,
389 2757 416 2784 &
431 2754 498 2782 aliis.
526 2755 573 2789 89.
612 2757 664 2782 Pro
679 2756 776 2783 eodem
797 2757 897 2784 Comi-

241 2799 277 2820 te.
297 2802 343 2827 91.
382 2795 434 2820 Pro
457 2791 582 2830 Philippo
609 2793 723 2821 Comite
740 2795 897 2832 Mountgo-

243 2840 336 2867 mery.
354 2834 380 2860 ὃς
400 2830 467 2860 aliis.
486 2840 531 2865 94.
560 2832 611 2858 Pro
627 2832 703 2864 Duce
717 2832 750 2859 de
766 2833 898 2861 Soubize.

242 2878 288 2903 97.
325 2871 376 2897 Pro
400 2869 505 2906 jacobo
526 2869 639 2896 Comite
660 2868 847 2908 Marleburgh,
869 2874 898 2899 ὃς

241 2906 308 2934 aliis.
329 2907 376 2941 98.
413 2905 501 2934 Altera
531 2907 699 2935 Commill'io
725 2917 774 2944 pro
798 2910 897 2937 eodem

242 2946 366 2972 Comite.
388 2954 448 2972 100.
467 2946 519 2972 Pro
540 2944 664 2980 johanne
685 2945 829 2983 Burlacye‚
844 2949 898 2975 Mi-

241 2981 288 3009 lite
316 2986 341 3011 8<
367 2982 434 3010 aliis.
464 2992 524 3016 ¹04·
565 2984 615 3009 Pro
643 2983 744 3011 circlo
766 2986 898 3022 Murgan,

244 3023 271 3049 δί
297 3021 365 3048 alii.
389 3023 447 3048 106.
486 3022 538 3047 Pro
567 3021 725 3048 Murchione
746 3023 778 3050 de
803 3025 899 3052 Baden.

239 3060 302 3088 ibid.
323 3062 373 3088 Pro
393 3059 519 3096 Johaune
540 3058 655 3091 Walter,
676 3060 816 3091 Milite-‚ez
833 3062 900 3090 aliis.

246 3108 305 3127 111.
345 3100 398 3126 Pro
422 3097 582 3125 Marchione
603 3099 635 3125 de
658 3100 747 3126 Baden
770 3101 800 3126 ad
823 3101 899 3128 colli-

245 3137 367 3173 gendum
393 3138 419 3164 ὃ(
442 3145 519 3163 more
541 3134 634 3163 bellico
662 3137 816 3166 ducendum
833 3149 900 3176 qua-

245 3181 309 3201 tuor
325 3173 396 3202 mille
410 3174 535 3202 Peditum
551 3176 577 3202 &
592 3173 664 3202 mille
678 3176 825 3213 Equitum.
840 3187 901 3207 112.

243 3213 296 3239 Pro
331 3212 457 3249 johanne
495 3211 622 3239 Harrison
661 3215 693 3242 ad
729 3215 896 3244 attestandum

244 3260 310 3278 cum
345 3250 483 3287 Regibus,
512 3250 678 3287 Principibus
701 3254 727 3279 δε
751 3251 808 3280 aliis
840 3256 900 3282 Gu-

246 3289 430 3317 bernatoribus
446 3309 452 3319 ,
479 3289 504 3315 in
537 3290 655 3316 Partibus
678 3290 820 3321 Barbariae.
849 3296 902 3322 ἃς,

251 3337 311 3363 ¹¹3-
350 3329 403 3354 Pro
428 3325 563 3354 Nirholao
583 3328 708 3355 Domino
727 3329 853 3362 Tufron,
874 3335 902 3361 &

248 3365 314 3393 aliis.
339 3374 395 3401 115.
440 3366 493 3392 Pio
518 3364 616 3393 Carolo
638 3367 769 3404 Morgan,
787 3371 813 3396 δι
834 3368 903 3398 aliis.

251 3407 310 3431 116.
370 3405 423 3431 Pro
446 3404 579 3431 Edwardo
606 3405 719 3432 Comite
753 3406 903 3440 Dorsetiae‚

248 3445 275 3471 δε
303 3441 369 3470 allis.
402 3450 462 3476 117.
505 3443 558 3468 Pio
586 3443 715 3470 omnibus
736 3444 904 3479 Majoribus‚

249 3480 482 3511 vicecomitibus,
507 3480 671 3507 Cullodibus
694 3482 852 3514 Prisonum,
878 3487 905 3512 &

248 3519 315 3547 aliis.
348 3519 407 3546 118.
454 3520 505 3545 Pro
526 3518 582 3544 Th<
604 3532 611 3544 ι
625 3529 637 3544 1.
660 3519 809 3547 Middleton
831 3522 903 3549 Mili-

247 3564 274 3584 te
293 3579 300 3589 ,
335 3560 361 3585 ὃς
381 3557 448 3584 aliis.
470 3565 524 3590 119.
566 3558 617 3583 Pro
646 3557 781 3585 Edwardo
804 3561 906 3587 Domi-

248 3607 284 3623 no
312 3597 463 3632 Conwey,
497 3598 523 3623 δε
545 3594 611 3622 aliis.
640 3604 701 3622 120.
746 3597 797 3624 Pro
823 3598 905 3634 jaco-

249 3634 284 3660 bo
309 3634 421 3660 Comite
446 3632 619 3669 Marleburgh
640 3653 647 3663 ,
689 3636 716 3661 &
740 3633 807 3662 aliis.
844 3646 905 3665 121.

249 3673 299 3698 Pro
319 3673 433 3699 Themi
460 3672 600 3707 Coventry
627 3670 714 3698 Milite
737 3690 745 3704 ‚
778 3673 904 3703 Domino

250 3711 368 3737 Custode
391 3711 484 3747 Magni
505 3709 606 3747 Sigilli,
631 3712 657 3738 ὃ(
684 3709 749 3737 aliis.
772 3720 832 3746 ¹35·
850 3715 903 3741 Pro

252 3746 376 3781 johanne
404 3747 619 3776 Wolstenholme
647 3747 755 3780 Milite,
783 3752 810 3778 ὃ(
837 3750 905 3781 aliis.

257 3793 316 3818 139-
336 3786 386 3812 Pro
407 3787 510 3822 jacobo
527 3786 642 3814 Comite
658 3786 904 3825 Marleburgh.146.

256 3821 306 3847 Pio
332 3824 449 3850 Henrico
467 3825 579 3852 Comite
598 3825 777 3857 Manchester,
795 3830 820 3854 ἃ
837 3827 903 3855 aliis.

259 3867 317 3892 ¹47-
342 3861 392 3887 Pro
415 3863 537 3899 Georgio
555 3862 768 3901 Archiepiscopo
783 3865 901 3892 Cantua-

255 3896 348 3938 riensi.
371 3901 394 3925 δ’(
422 3899 477 3925 aliis
511 3909 569 3933 ¹52·
602 3902 653 3928 Pro
678 3902 803 3939 Johanne
827 3902 902 3935 Hall,

255 3936 281 3961 &-
303 3936 369 3963 alns,
394 3936 425 3962 de
445 3939 560 3965 Sei-vitio
579 3940 797 3968 Communitatis
813 3942 900 3969 India-

253 3981 313 3999 rum
335 3973 525 4002 Orientalium.
549 3985 607 4011 154.

981 221 1048 250 aliis.
1065 223 1192 249 T.V111.
1209 223 1287 249 P.lI.
1301 231 1361 256 159.
1376 222 1428 247 Pro
1444 219 1568 255 Georgio
1585 220 1642 246 Du-

982 269 1014 288 ce
1034 260 1132 288 Bucks.
1154 262 1214 286 160.
1251 262 1301 287 Pro
1319 261 1397 286 Petro
1417 256 1521 297 Wyche
1538 255 1644 294 Milite,

983 300 1016 326 de
1036 298 1256 326 Confirmatione
1278 296 1430 326 Amicitiae,
1456 294 1564 331 aliiique
1584 302 1643 322 tan-

979 337 1107 374 gentibus
1121 336 1330 364 Commercium
1348 333 1417 360 infra
1430 333 1561 360 Dominia
1571 335 1644 361 Tur-

980 375 1038 402 cica
1065 374 1257 402 exercendum.
1276 373 1338 399 ibid.
1368 373 1418 398 Pro
1441 372 1565 408 Georgio
1585 374 1643 400 Du·

981 422 1013 440 ce
1033 413 1125 441 Bucks
1150 413 1182 441 ad
1209 413 1321 439 Litteras
1350 410 1377 436 de
1407 413 1518 447 Marque
1544 419 1645 438 conce-

980 450 1089 479 dendus.
1123 460 1181 486 ¹7²·
1220 452 1271 478 Pro
1293 448 1430 476 Edwardo
1456 447 1533 475 l-lales
1550 468 1558 480 ,
1590 449 1645 476 Mi·

982 488 1046 522 lite,
1068 491 1231 518 Baxonetto,
1256 490 1282 516 δῖ.
1304 486 1370 514 allis.
1396 486 1458 515 ibid.
1498 488 1549 514 ΡΓΟ
1565 488 1644 514 Dud-

982 526 1026 555 leo
1048 528 1177 556 Domino
1202 525 1332 553 Carleton
1355 527 1382 553 ὃ(
1414 523 1561 551 Willielmo
1582 527 1644 552 Sea-

983 574 1048 603 gar,
1073 565 1176 596 Milite,
1198 566 1299 592 Barone
1317 563 1350 590 de
1370 563 1572 596 Imbercourte‚
1593 564 1643 591 Vi-

980 603 1161 632 cecamerario
1177 602 1295 639 Hospitii
1315 602 1410 638 Regis.
1433 603 1555 637 173.Pro
1571 602 1644 630 Hos-

983 640 1059 679 pitali
1080 642 1113 669 de
1134 639 1267 669 Bethlem.
1285 638 1349 667 ibid.
1369 641 1420 666 Pro
1439 641 1564 677 Georgio
1582 642 1641 668 Du·

982 689 1014 707 ce
1034 679 1267 717 Buckinghamiae.
1289 686 1349 713 175.
1370 679 1423 704 Pro
1443 679 1567 715 Georgio
1583 680 1643 707 Go-

981 717 1060 755 ring.
1081 717 1186 750 Milite,
1212 719 1239 748 &
1258 715 1326 745 aliis.
1351 725 1412 751 177.
1451 717 1504 743 Pro
1525 718 1642 749 eodem,

983 758 1013 785 δι
1028 755 1169 784 aliis-182.
1183 750 1236 783 Prd
1258 755 1385 792 Georgio
1405 755 1482 782 Duce
1503 756 1643 794 Bucking-

983 793 1092 823 hamiae.
1111 794 1173 822 ibid.
1192 795 1245 822 Pro
1264 791 1552 825 Emanuele‚Comite
1570 796 1642 822 Sun-

982 832 1108 865 derland‚
1129 835 1157 861 &
1177 831 1243 859 aliis.
1264 831 1328 868 184.
1363 833 1416 859 Pro
1437 832 1548 859 Mineris
1564 833 1642 861 Salis-

987 872 1082 899 Petrae.
1103 880 1165 906 194.
1189 872 1242 898 Pro
1266 870 1480 907 Archiepiscopo
1499 870 1641 903 Eborum,

983 911 1010 937 ὃ(
1030 908 1085 937 alii.
1107 918 1169 944 ¹97·
1215 910 1266 936 Pro
1287 906 1436 935 Willielmo
1456 909 1568 935 Comite
1586 911 1641 937 De-

983 948 1090 979 voniae,
1109 950 1138 976 &
1157 945 1225 974 aliis.
1245 955 1308 982 ²07·
1334 948 1387 974 Pro
1404 947 1530 982 Georgio
1545 948 1642 975 Archi-

981 984 1110 1022 episcopo
1133 983 1333 1015 cantuariensi.
1357 986 1385 1013 ὃς
1403 982 1468 1012 aliis.
1488 984 1550 1013 208.
1590 987 1643 1013 Pro

981 1023 1154 1052 vicecomite
1171 1021 1327 1051 ‘Willmotn
1349 1031 1408 1051 210.
1448 1023 1500 1049 Pro
1518 1024 1643 1061 Georgio

981 1061 1119 1100 Episcopo
1135 1060 1301 1090 Londinensr
1319 1081 1327 1094 ,
1359 1063 1386 1089 δι
1409 1059 1465 1088 aliis
1496 1070 1559 1089 211.
1592 1064 1644 1090 Pro

979 1100 1106 1128 Roberto
1125 1099 1303 1131 Anstruther,
1337 1098 1442 1131 Milite,
1468 1100 1567 1137 Equite
1584 1102 1640 1129 Au-

977 1146 1046 1166 rato.
1066 1147 1130 1175 214.
1173 1140 1226 1166 Pro
1244 1138 1364 1166 Henrico
1389 1138 1584 1171 Woodhouse‚
1613 1143 1641 1169 δι

976 1175 1044 1204 aliis.
1062 1176 1124 1206 ibid.
1167 1178 1220 1205 Pro
1240 1175 1379 1205 Kenelrno
1403 1176 1515 1213 Digby,
1545 1176 1642 1208 Milite.

978 1218 1042 1244 216.
1052 1217 1104 1243 Pro
1122 1215 1246 1253 Georgio
1267 1215 1534 1253 Thorpe,Johanne
1547 1217 1640 1244 Thor-

979 1264 1014 1291 pe
1031 1253 1087 1281 filio
1104 1254 1215 1290 ejus‚&
1234 1252 1338 1281 Ballivis
1356 1263 1401 1291 per
1421 1261 1507 1280 totam
1530 1257 1639 1291 Aquam

979 1292 1072 1320 Riveri
1095 1293 1227 1321 Tharnes.
1249 1301 1311 1327 2¹7-
1334 1294 1387 1320 Pro
1407 1292 1511 1328 jacobo
1528 1294 1641 1322 Comite

978 1331 1012 1358 de
1031 1329 1238 1369 Marlebourgh,
1263 1332 1367 1369 Magno
1387 1330 1563 1359 Thesaurario
1583 1335 1643 1360 An-

978 1368 1178 1407 gliae.219.Pro
1189 1370 1285 1397 eodem
1294 1370 1374 1397 altera
1387 1369 1567 1397 Commissio.
1577 1380 1609 1407 23
1619 1381 1641 1399 1.

979 1409 1032 1435 Pro
1045 1408 1182 1436 Richardo
1200 1410 1327 1445 Wynne,
1343 1407 1429 1434 Milite
1445 1410 1471 1435 &
1484 1410 1640 1441 Baronetto,

981 1445 1049 1474 aliis.
1068 1455 1132 1483 233.
1172 1448 1223 1474 Pro
1252 1447 1378 1473 Domino
1404 1446 1583 1473 Thesaurario
1612 1450 1639 1475 ὃ(

980 1483 1048 1512 aliis.
1065 1494 1129 1522 235.
1169 1487 1220 1512 Pro
1239 1483 1360 1512 Consilio
1376 1494 1402 1511 in
1421 1485 1557 1521 Virginii.
1574 1494 1639 1522 239.

982 1525 1034 1550 Pro
1050 1523 1187 1551 Richardo
1198 1525 1321 1560 Wynne,
1333 1524 1489 1550 Batonetto.
1503 1524 1564 1551 ibid.
1575 1528 1640 1559 256.

979 1562 1031 1588 Pro
1055 1561 1195 1590 Francisco
1211 1562 1315 1589 Darcie.
1339 1562 1401 1588 ibid.
1441 1563 1492 1588 Pro
1517 1563 1640 1590 Roberto

983 1600 1064 1627 Rich.
1084 1600 1145 1627 ibid.
1164 1601 1215 1627 Pro
1232 1600 1352 1628 Henrico
1366 1600 1487 1627 Crooke.
1504 1600 1565 1628 ibid.
1586 1602 1637 1628 Pro

980 1638 1121 1666 Francisco
1145 1639 1265 1666 Goston.
1282 1638 1344 1665 ibid.
1367 1640 1418 1665 Pro
1438 1638 1560 1665 Roberto
1577 1640 1639 1667 Du-

978 1686 1009 1703 ce
1027 1697 1034 1708 ,
1062 1676 1245 1704 Aldermanno
1269 1677 1394 1704 Civitatis
1425 1677 1554 1706 London.
1573 1678 1636 1707 ibid.

979 1716 1030 1742 Pro
1048 1714 1165 1752 Raphael
1188 1717 1331 1746 Freeman,
1355 1715 1539 1744 Aldermanno
1561 1718 1635 1744 Lon-

979 1754 1044 1782 don.
1062 1753 1124 1783 ibid.
1150 1755 1203 1782 Pro
1226 1753 1430 1791 Christophoro
1447 1753 1637 1788 Cletherowe,

978 1791 1161 1820 Aldermanno
1187 1792 1317 1821 London.
1332 1792 1395 1820 ibid.
1429 1794 1481 1820 Pro
1505 1794 1636 1822 Mauritio

977 1830 1093 1863 Abbot,
1121 1830 1304 1859 Aldermanno
1329 1831 1458 1859 London.
1481 1831 1545 1861 ibid.
1584 1834 1638 1861 Pro

976 1870 1098 1897 Henrico
1120 1871 1243 1907 Garway
1262 1889 1271 1902 ,
1301 1868 1485 1898 Aldermanno
1508 1871 1638 1900 London.

978 1907 1042 1936 ibid.
1078 1909 1130 1936 Pro
1153 1909 1290 1937 Edwardo
1317 1908 1456 1945 Johnson.
1482 1908 1544 1937 ibid.
1582 1911 1636 1938 Pro

976 1946 1130 1983 justitiario
1154 1948 1260 1984 Povey.
1290 1946 1354 1976 ibid.
1392 1948 1444 1974 Pro
1474 1948 1638 1977 Nathaniele

976 1985 1149 2023 Tompkins.
1171 1986 1235 2014 ibid.
1274 1986 1325 2013 Pro
1353 1985 1493 2014 Godfrido
1512 1987 1635 2024 Kirbye,

975 2024 1127 2051 Mercatore
1148 2024 1344 2053 London.ib1·d.
1361 2025 1413 2052 Pro
1434 2024 1558 2052 Roberto
1574 2025 1636 2062 Jef-

976 2061 1063 2090 feries.
1081 2062 1144 2090 ibid.
1181 2064 1233 2090 Pro
1253 2062 1431 2100 Humphrido
1448 2063 1636 2093 Brown.ibid.

973 2101 1025 2127 Pro
1046 2100 1189 2129 Clemente
1208 2101 1314 2138 Har-by.
1331 2100 1395 2129 ibid.
1422 2102 1476 2128 Pro
1492 2101 1549 2137 Job
1564 2103 1634 2130 Har-

975 2138 1023 2175 by.
1041 2140 1105 2167 ibid.
1143 2142 1195 2167 Pro
1227 2139 1348 2167 Henrico
1377 2140 1442 2168 Lee.
1470 2139 1535 2167 ibid.
1581 2142 1634 2168 Pro

977 2176 1126 2205 Willielmo
1158 2178 1293 2206 Cokaine.
1317 2177 1382 2206 ibid.
1428 2178 1480 2205 Pro
1509 2178 1635 2207 Roberto

975 2216 1087 2253 Draper.
1109 2215 1173 2244 ibid.
1206 2217 1258 2243 Pro
1285 2215 1410 2253 Geor-gio
1438 2218 1544 2244 Strode.
1571 2217 1636 2246 ibid.

974 2254 1026 2281 Pro
1047 2254 1160 2281 Thema
1180 2254 1308 2282 Mustard.
1326 2254 1388 2281 ibid.
1408 2256 1459 2281 Pro
1485 2254 1632 2282 Willielmo

973 2293 1036 2320 Lee.
1053 2292 1115 2320 ibid.
1154 2293 1206 2319 Pro
1223 2292 1350 2329 johanne
1366 2292 1547 2328 Oringhawe.
1565 2294 1630 2322 ibid.

971 2331 1023 2357 Pro
1046 2330 1170 2358 Antonio
1190 2330 1307 2358 Wither.
1325 2330 1387 2357 ibid.
1426 2331 1478 2357 Pro
1496 2331 1633 2360 Richardo

972 2368 1076 2406 Pigott.
1094 2369 1156 2396 ibid.
1181 2370 1233 2396 Pro
1255 2367 1402 2396 Willielmo
1421 2369 1535 2396 Comite
1551 2371 1632 2398 Pem-

970 2405 1090 2439 brooke,
1112 2409 1139 2436 &
1159 2406 1225 2435 aliis.
1246 2407 1317 2442 258,
1346 2406 1380 2440 ὁ·
1394 2407 1470 2444 suiv.
1509 2409 1560 2435 Pro
1580 2411 1631 2437 Ri-

968 2444 1069 2473 chardo
1088 2447 1212 2474 Domino
1234 2446 1363 2476 Weston.
1383 2448 1411 2474 ὅτ.
1430 2445 1495 2475 aliis.
1516 2446 1630 2482 259‚&

963 2483 1040 2521 suiv.
1068 2486 1120 2511 Pro
1138 2485 1244 2523 jacobo
1261 2485 1375 2512 Comite
1398 2485 1555 2522 Marlbnrgh
1572 2507 1579 2518 ,
1603 2490 1630 2515 &

970 2522 1038 2550 aliis.
1059 2525 1122 2551 261.
1159 2525 1210 2551 Pro
1232 2524 1345 2550 Thomfi
1369 2524 1495 2551 Domino
1513 2524 1630 2554 FairfaX.

972 2564 1036 2589 262.
1046 2563 1097 2589 Pro
1109 2562 1247 2590 Richardo
1259 2564 1370 2589 Hutton
1380 2582 1387 2593 ,
1400 2561 1503 2593 Milite,
1514 2564 1629 2600 unuJu-

972 2599 1146 2628 stitiariorum
1161 2601 1244 2638 Regis
1256 2601 1287 2628 de
1297 2601 1454 2628 Communi
1464 2603 1629 2631 Bancoibid.

971 2639 1023 2665 Pro
1043 2639 1158 2667 Themi
1178 2639 1362 2667 Wentworth.
1378 2639 1441 2665 ibid.
1481 2641 1532 2666 Pro
1554 2642 1628 2668 Hen-

970 2677 1027 2704 rico
1055 2676 1149 2705 Savile.
1176 2677 1238 2706 ibid.
1290 2679 1342 2705 Pro
1372 2676 1476 2703 David.»
1514 2678 1629 2706 Fowles.

971 2715 1034 2742 ibid.
1071 2717 1123 2743 Pro
1144 2716 1321 2743 Marmaduco
1344 2714 1449 2742 Wivell.
1475 2715 1536 2742 ibid.
1576 2719 1629 2744 Pro

970 2752 1105 2781 Edwardo
1138 2754 1276 2790 Stunhope
1292 2774 1299 2784 ‚
1332 2753 1446 2780 Ordinis
1465 2753 1552 2781 ssrlnei
1577 2756 1631 2782 Mi-

967 2788 1023 2819 lite.
1054 2791 1116 2819 ibid.
1162 2793 1213 2819 Pro
1238 2794 1298 2819 Heu
1313 2791 1356 2818 ico
1382 2791 1534 2829 Slingesby.
1569 2793 1631 2820 ibid.

971 2830 1023 2856 Pro
1049 2829 1221 2857 Christofero
1252 2830 1382 2866 Hildyard
1399 2850 1406 2861 ,
1447 2830 1543 2858 Milite.
1568 2833 1631 2859 ibid.

971 2868 1025 2893 Pro
1042 2868 1157 2896 Thumi
1180 2868 1303 2896 Metham
1320 2889 1327 2899 ,
1359 2867 1457 2894 Milite.
1475 2868 1537 2895 ibid.
1577 2871 1629 2897 Pro

972 2903 1119 2932 Willielmo
1141 2905 1254 2937 Alford,
1285 2906 1382 2934 Milite.
1397 2907 1459 2934 ibid.
1482 2908 1532 2934 Pro
1555 2909 1631 2936 Hen—

971 2943 1029 2970 rico
1049 2945 1209 2978 Goodrick,
1232 2943 1328 2972 Milite.
1343 2945 1406 2972 ibid.
1445 2947 1497 2972 Pro
1515 2946 1629 2974 Richar-

973 2986 1008 3009 do
1031 2981 1196 3019 Cholmlcy,
1220 2982 1315 3011 Milite.
1330 2983 1392 3010 ibid.
1432 2985 1484 3010 Pro
1501 2984 1629 3020 johanne

973 3019 1098 3051 Gibson,
1123 3022 1222 3048 Milite.
1247 3023 1308 3049 ibid.
1343 3023 1395 3048 Pro
1420 3021 1567 3049 Willielmo
1583 3024 1626 3050 El-

972 3056 1020 3088 lis,
1043 3059 1139 3087 Milite.
1157 3060 1218 3087 ibid.
1228 3062 1279 3088 Pro
1296 3060 1409 3088 Thoma
1425 3060 1545 3098 Tildlley
1557 3082 1563 3092 ,
1574 3063 1629 3089 Mi-

973 3095 1028 3124 lite.
1047 3097 1109 3124 ibtd.
1147 3100 1198 3126 Pro
1217 3098 1344 3135 johanne
1366 3100 1514 3131 Lowrher,
1532 3101 1628 3129 Milite.

972 3135 1035 3162 ibid.
1065 3137 1116 3162 Pro
1136 3136 1260 3164 Arthuro
1278 3138 1405 3174 Ingram‚
1427 3138 1554 3169 Seniore,
1576 3140 1628 3166 Mi-

972 3172 1029 3202 lite.
1045 3173 1109 3201 ibid.
1152 3176 1204 3202 Pro
1222 3177 1341 3203 Henrico
1363 3176 1505 3207 Tankerd.
1531 3176 1629 3206 Milite.

971 3212 1033 3240 ibid.
1069 3214 1120 3240 Pro
1144 3213 1266 3240 Arthuro
1289 3215 1416 3251 ingram,
1433 3214 1628 3251 juniore‚.vl1-

972 3249 1027 3278 lite.
1045 3250 1108 3278 ibid.
1147 3253 1198 3279 Pro
1221 3252 1356 3281 Richardo
1376 3254 1474 3289 Dyett,
1501 3254 1626 3292 Armige-

974 3299 1016 3318 ro,
1033 3290 1095 3318 ilnd.
1132 3291 1183 3317 Pro
1207 3290 1332 3326 johanne
1353 3293 1448 3322 Scott,
1465 3292 1627 3330 Theologiae

974 3327 1142 3359 meeffore,
1166 3330 1276 3356 Decano
1307 3330 1439 3357 Eborum.
1477 3330 1538 3357 ibid.
1577 3334 1628 3359 Pro

974 3366 1109 3394 Richardo
1136 3368 1213 3394 Hunt
1234 3388 1240 3399 ,
1272 3366 1435 3405 Theologiae
1462 3368 1630 3402 Profeslffie,

977 3404 1092 3431 Decano
1120 3405 1306 3433 Dunelmenli.
1335 3406 1397 3434 ibid.
1445 3408 1497 3433 Pro
1529 3407 1628 3436 Phinea

977 3442 1114 3479 Hodgson
1125 3464 1132 3475 ,
1154 3444 1316 3481 Theologiae
1330 3445 1489 3473 Professore.
1505 3445 1566 3472 ibid.
1577 3448 1629 3474 Pro

975 3481 1120 3518 Radulpho
1141 3483 1253 3518 Hopton
1267 3503 1273 3514 ,
1291 3483 1389 3511 Milite.
1410 3485 1472 3517 267.
1510 3484 1562 3510 Pro
1579 3484 1629 3520 Jo-

975 3518 1061 3546 hanne
1077 3521 1201 3551 Homer,
1224 3521 1331 3558 Equite.
1346 3523 1407 3549 ibid.
1442 3523 1492 3549 Pro
1509 3523 1629 3550 Henrico

979 3556 1108 3594 Bmkley,
1131 3559 1240 3595 Equite.
1257 3560 1319 3588 ibid.
1340 3562 1390 3587 Pro
1413 3561 1535 3588 Roberto
1554 3561 1629 3588 Phel-

976 3593 1042 3631 lips,
1066 3596 1174 3633 Equite.
1193 3597 1256 3625 ibid.
1275 3600 1325 3625 Pro
1346 3598 1482 3626 Edwardo
1501 3599 1630 3635 Rodney,

979 3634 1089 3670 Equite.
1105 3635 1167 3663 ibid.
1187 3637 1238 3663 Pro
1261 3636 1342 3664 Paulo
1357 3637 1498 3664 Goodwin
1510 3656 1517 3666 ‚
1535 3638 1630 3664 Theo—

973 3669 1054 3709 logiae
1074 3673 1214 3706 Doetore,
1235 3675 1318 3711 Regis
1336 3674 1490 3712 Capellano.
1507 3674 1568 3702 ibid.
1579 3677 1630 3703 Pro

976 3710 1099 3745 Johunne
1107 3713 1140 3747 Sy
1147 3721 1203 3739 mes
1220 3712 1283 3740 ibid.
1292 3715 1343 3740 Pro
1354 3715 1473 3750 Hugone
1483 3713 1631 3749 Pynea'bid.

974 3749 1025 3775 Pro
1040 3748 1154 3777 Thema
1176 3751 1332 3778 Windham.
1347 3752 1409 3778 ibid.
1450 3753 1502 3778 Pro
1520 3752 1630 3778 Edwar-

974 3787 1009 3813 do
1018 3787 1218 3824 Pophamjbid.
1231 3790 1282 3815 Pro
1290 3790 1403 3817 Thema
1418 3792 1554 3817 Brereton.
1570 3788 1632 3817 ibid.

976 3825 1028 3851 Pro
1045 3825 1168 3862 johanne
1186 3827 1290 3854 Shuter.
1322 3829 1385 3861 267.
1432 3831 1482 3856 Pro
1508 3827 1631 3854 Roberto

974 3863 1066 3890 Cuffe.
1079 3865 1141 3891 ibid.
1173 3866 1225 3891 Pro
1242 3865 1356 3892 Thoma
1383 3867 1461 3904 Lyte,
1479 3866 1541 3892 ibid.
1580 3866 1632 3891 Pro

976 3901 1147 3937 Theophilo,
1174 3904 1286 3930 Comite
1312 3903 1460 3933 Suffolciae,
1483 3912 1544 3938 ²7²·
1580 3904 1631 3930 Pro

974 3939 1228 3970 Robert0‚Com1te
1241 3942 1365 3978 Lindsey.
1376 3951 1437 3976 275.
1448 3944 1499 3969 Pro
1519 3940 1631 3967 Richar-

973 3976 1009 4003 do
1018 3978 1444 4011 DomineWestomThel'aurmo
1455 3978 1632 4016 Angliae.278.

626 98 915 147 INDEX
969 92 1297 142 RERUM
1351 86 2073 139 PRAECIPUARUM

943 184 1188 220 Commiffionan
1206 182 1330 220 johanne
1343 181 1489 219 Hippessey
1510 178 1642 212 Milite‚&
1674 177 1867 212 Commifflones.
1901 179 1953 204 Pro
1972 179 2096 216 Geor-gio
2120 198 2128 211 ,

2161 175 2372 215 Archiepiscopo

1714 214 1908 242 Cantuarienst.
1918 217 1954 243 T.
1968 216 2269 246 V111.P.11.281.Pro
2285 217 2375 243 Geor-

1715 253 1772 290 gio,
1783 253 1898 280 Comite
1912 253 1944 280 de
1960 253 2194 282 Totnes.ibid.Pro
2204 253 2374 286 Guillielmo,

1717 291 1832 318 Comite
1847 292 1879 319 de
1899 290 2010 327 Danby.
2027 291 2088 318 ibid.
2105 293 2156 319 Pro
2174 293 2376 330 Georgio,Vi·

1715 329 1852 357 cecomite
1877 327 1996 366 Duplin,
2008 327 2172 357 Cancellario
2189 332 2300 359 Scotiae.
2312 331 2376 359 ibid.

1716 369 1769 395 Pro
1791 365 1970 398 Guillielmo,
1992 366 2108 394 Comite
2123 368 2155 395 de
2172 368 2296 396 Morton.
2312 369 2376 398 ibid.

1719 407 1771 433 Pro
1791 406 1923 437 Thema,
1946 405 2061 432 Comite
2079 405 2111 432 de
2132 403 2221 442 Kelly.
2239 406 2301 436 ibid.
2323 411 2376 437 Pro

1717 444 1851 476 Themi,
1873 444 1988 471 Comite
2007 444 2039 471 de
2060 442 2197 470 Melroffe.
2217 443 2282 472 ibid.
2322 448 2376 474 Pro

1717 482 1863 519 johanne,
1882 483 1994 510 Comite
2013 482 2044 510 de
2067 482 2149 509 Mart.
2163 481 2226 509 ibid.
2251 483 2303 510 Pro
2320 485 2375 513 Ed-

1715 522 1827 552 wardo,
1858 520 2029 548 Vicecomite
2057 521 2198 557 Conway,
2222 518 2284 548 ibid.
2322 523 2375 550 Pro

1718 558 1817 586 Carolo
1827 558 2017 591 ‚Vicecomite
2037 559 2167 586 Wilmot.
2181 558 2244 586 ibid.
2253 559 2306 586 Pro
2321 560 2375 588 Ed-

1716 598 1812 625 wardo
1832 598 1959 625 Domino
1982 596 2136 634 Newburg.
2154 596 2217 624 ibid.
2243 597 2297 624 Pro
2313 598 2376 625 Ro-

1713 635 1790 664 berto
1814 637 1945 668 Nanmn,
1964 635 2074 673 Equite.
2093 636 2155 663 ibid.
2191 636 2243 662 Pro
2262 635 2376 663 Richar-

1715 675 1751 702 do
1760 694 1768 706 ,
1781 674 1908 702 Domino
1927 674 2053 706 Weston,
2064 673 2241 701 Thesaurario
2256 673 2373 711 Angliae,

1715 714 1744 741 ὃ(
1762 711 1831 741 aliis.
1852 713 1916 740 282.
1955 714 2007 740 Pro
2029 713 2138 740 eodem.
2164 711 2229 748 283.
2276 712 2376 741 Adhuc

1716 761 1767 788 pro
1789 752 1896 780 eodem.
1917 751 2143 780 T.v111.P.111.
2161 759 2189 785 7.
2227 751 2280 777 Pro
2296 751 2377 779 Tho-

1714 791 1763 817 ma
1783 790 1955 818 Vicecomite
1979 788 2160 817 Wentworth
2174 809 2182 820 ,
2215 788 2376 818 Praefidente

1713 828 1833 856 Concilii
1857 829 1885 856 in
1913 829 2035 856 Partibus
2062 826 2224 855 Borealibus.
2256 826 2284 854 8.
2322 829 2375 856 Pro

1716 866 1856 895 Francisco
1872 887 1879 898 ,
1910 868 2023 894 Comite
2053 866 2202 894 Cumbriae.
2219 865 2282 895 ibid.
2321 867 2374 896 Pro

1712 905 1855 942 Johanne,
1875 905 2012 943 Episcopo
2032 903 2219 933 Dunelmenfi.
2237 903 2299 932 ibid.
2319 906 2372 933 Pro

1715 945 1820 972 Davide
1842 944 1957 972 Fowlis.
1976 943 2038 972 ibid.
2058 945 2110 971 Pro
2129 943 2259 981 johanne
2279 944 2373 971 Hatri-

1713 980 1763 1009 son
1779 983 1811 1010 de
1825 982 1979 1011 Intercursu
1998 982 2252 1010 Merchandizarum
2266 981 2294 1009 in
2311 992 2374 1019 par-

1712 1020 1783 1047 tibus
1805 1021 1939 1049 Barbariae.
1959 1031 2003 1051 21.
2042 1023 2094 1048 Pro
2117 1019 2276 1057 Theophilo
2306 1021 2374 1058 Epi·
2414 1025 2417 1029 ’

1713 1057 1798 1096 scopo
1821 1059 1975 1088 Menevenii
1995 1062 2022 1089 &
2038 1059 2112 1091 aliis,
2131 1060 2163 1087 ad
2184 1059 2372 1087 reexaminan-

1712 1095 1774 1124 dam
1802 1099 1829 1126 δε
1853 1098 2024 1126 revidendam
2043 1097 2209 1125 Sententiam
2233 1107 2280 1134 per
2301 1097 2373 1125 dele-

1713 1142 1792 1173 gatos
1809 1136 1921 1173 Judices
1938 1137 2157 1173 pronunciatam.
2186 1137 2233 1171 46.
2253 1137 2305 1163 Pro
2326 1138 2373 1165 Sa·

1712 1172 1802 1201 muele
1826 1175 2037 1212 Archiepiscopo
2066 1176 2200 1202 Eburum.
2234 1182 2282 1209 47.
2319 1176 2372 1203 Pro

1714 1212 1850 1240 Richardo
1876 1214 1989 1241 Weston
2006 1234 2013 1245 ‚
2050 1213 2165 1241 Thema
2197 1214 2372 1242 Wentworth

1712 1251 1886 1278 Vicecomite
1909 1272 1916 1284 ‚
1956 1254 1983 1280 δε
2013 1250 2079 1278 aliis.
2117 1252 2179 1279 ibid.
2218 1253 2270 1278 Pro
2290 1251 2372 1279 Tho-

1711 1290 1758 1316 ma
1780 1290 1936 1317 Edmondes
1958 1289 2063 1321 Milite.
2087 1290 2120 1317 ad
2134 1290 2292 1317 tradendum
2315 1292 2372 1318 Re-

1709 1327 1739 1364 gi
1764 1329 1929 1355 Francorum
1954 1326 2090 1356 brticulos
2111 1327 2369 1362 Reconciliationis,

1711 1368 1765 1393 δίς.
1784 1375 1830 1400 5²·
1868 1368 1919 1394 Pro
1935 1367 2049 1394 Thomfi
2067 1368 2160 1394 Rowe
2182 1366 2269 1395 Milite
2294 1388 2301 1400 ‚
2336 1369 2370 1396 de

1710 1403 1897 1433 intercedendo
1915 1405 1983 1433 inter
2012 1407 2100 1442 Reges
2118 1403 2238 1433 Poloniae
2256 1407 2283 1434 &
2302 1408 2370 1434 Sue-

1710 1443 1770 1470 ciae.
1802 1444 1865 1472 ibid.
1910 1445 1962 1471 Pro
1995 1442 2137 1471 Francisco
2166 1444 2336 1482 Cottingotn
2359 1465 2369 1478 ,

1710 1479 1799 1508 Milite
1830 1502 1838 1513 ‚
1881 1483 1912 1510 ad
1951 1481 2053 1510 diversa
2089 1480 2191 1517 jocalia
2223 1483 2373 1512 vendenda.

1710 1527 1758 1555 53.
1798 1521 1850 1548 Pro
1867 1520 1962 1558 James
1982 1519 2127 1552 Maxwell‚
2146 1520 2269 1558 Georgio
2289 1522 2370 1559 Bing-

1711 1556 1772 1585 well
1790 1578 1798 1590 ,
1823 1561 1850 1587 ὅ(
1877 1559 1944 1587 aliis.
1963 1559 2027 1586 ibid.
2066 1559 2233 1586 Commiffio
2253 1559 2372 1596 specialis

1710 1596 1742 1623 ad
1767 1597 1952 1626 arbitrandum
1973 1598 2042 1625 inter
2066 1598 2209 1625 Comitem
2231 1597 2372 1627 Suffolciae

1708 1637 1736 1663 &
1757 1634 1944 1664 Elizabetham
1963 1638 2088 1664 Uxorem
2100 1636 2219 1672 ejus,ex
2237 1638 2292 1664 una
2307 1647 2366 1675 par-

1708 1681 1754 1705 te,
1777 1677 1803 1702 ὃς
1822 1676 1956 1703 Davidem
1980 1677 2091 1706 Hume,
2106 1674 2223 1702 Militem
2241 1694 2249 1706 ,
2278 1685 2312 1703 ex
2332 1676 2370 1703 al·

1707 1712 1763 1739 teri
1778 1733 1785 1744 ‚
1813 1713 1891 1751 super
1916 1713 2097 1742 Piscationem
2132 1714 2160 1741 in
2183 1712 2308 1741 Flumine
2331 1716 2366 1743 de

1706 1751 1805 1779 Twed.
1824 1753 1870 1788 58.
1909 1753 1961 1780 Pro
1993 1752 2120 1780 Domino
2142 1751 2321 1780 Thesaurario
2337 1753 2370 1781 ad

1713 1789 1806 1818 Naves
1823 1792 1891 1819 bene
1913 1791 2054 1819 instructas
2073 1796 2169 1818 contra
2184 1790 2283 1819 Piratas
2299 1792 2367 1820 mit-

1708 1828 1870 1858 tendas.62.
1881 1831 1933 1858 Pro
1953 1830 2080 1857 Roberto
2101 1828 2215 1857 Comite
2229 1830 2263 1857 de
2281 1830 2367 1858 Lind-

1708 1866 1766 1904 sey.
1783 1867 1846 1897 ibid.
1864 1870 1917 1896 Pro
1944 1866 2092 1896 Willielmo
2109 1868 2223 1895 Comite
2236 1869 2268 1895 de
2283 1870 2365 1896 Pem-

1709 1904 1810 1938 broke.
1837 1909 1866 1936 &
1884 1905 1951 1935 aliis.
1976 1906 2039 1934 ibid.
2075 1905 2244 1933 Commiffio
2266 1907 2298 1934 ad
2321 1906 2366 1936 su-

1706 1945 1898 1981 pervidendam
1921 1947 2094 1973 Armaturam
2111 1945 2138 1971 iu
2162 1944 2245 1971 Turi-i
2261 1946 2367 1974 Londi-

1706 1982 1780 2011 nenli
1799 1986 1828 2012 ὃ(
1843 1983 1914 2011 alibi.
1931 1984 2039 2019 64.Pro
2054 1981 2182 2020 johanne
2196 1983 2292 2016 Coke,
2304 1985 2366 2011 Ro-

1704 2020 1784 2049 berto
1803 2020 1982 2059 Killegrewe,
2002 2023 2029 2050 &
2047 2021 2113 2050 aliis.
2131 2020 2195 2048 ibid.
2233 2022 2285 2049 Pro
2303 2023 2364 2050 Do·
2408 2050 2411 2053 ,

1706 2060 1785 2088 mino
1805 2060 1983 2088 Thelaurario
2007 2059 2040 2088 ad
2057 2060 2227 2096 exequendas
2249 2060 2365 2089 diversas

1709 2097 1926 2127 Commiffiones
1943 2098 2054 2126 antehac
2067 2097 2203 2125 concess'as
2220 2099 2366 2127 francisco

1706 2136 1876 2174 Cottington
1899 2136 1981 2164 Militi
2006 2139 2034 2165 δε,
2058 2137 2205 2164 Batonetto
2219 2157 2230 2174 ‚
2253 2136 2366 2166 durante

1705 2173 1764 2208 ejus
1778 2174 1897 2203 abientii
1913 2175 1941 2203 in
1960 2176 2059 2213 Regno
2084 2173 2230 2218 Hispaniae.
2243 2177 2289 2211 65.
2310 2178 2363 2205 Pro

1705 2212 1834 2241 Domino
1857 2214 1979 2241 Custode
2004 2214 2099 2251 Magni
2120 2212 2205 2251 Sigilli
2227 2217 2260 2242 ad
2283 2224 2365 2244 com-

1704 2251 1865 2286 ponendum
1894 2251 1927 2279 de
1952 2252 2062 2280 Finibus
2085 2261 2134 2290 pro
2158 2254 2365 2291 contemptibus

1704 2288 1733 2315 in
1750 2299 1806 2317 non
1824 2289 1994 2328 suscipiendo
2010 2292 2144 2319 Ordinem
2162 2290 2308 2320 Militarem
2325 2293 2367 2321 se-

1701 2329 1825 2357 cundum
1847 2331 1995 2358 statutum.
2013 2339 2059 2366 73.
2099 2330 2152 2356 Pro
2169 2331 2288 2358 Henrico
2305 2332 2365 2360 Co-

1703 2366 1772 2394 mite
1788 2368 1975 2401 Manchcster,
2004 2368 2118 2395 Thoma
2138 2369 2251 2396 Comite
2274 2371 2365 2398 Arun-

1702 2404 1753 2433 dell
1778 2427 1785 2438 ,
1825 2406 1950 2444 Philippo
1978 2407 2093 2435 Comite
2127 2408 2363 2445 Mountgomery,

1704 2445 1731 2472 &
1754 2443 1822 2473 aliis.
1847 2446 1911 2473 ibid.
1957 2446 2010 2473 Pro
2035 2445 2162 2473 Domino
2186 2445 2365 2474 Thelaurario

1705 2483 1811 2520 Angliae
1834 2485 1865 2511 ad
1891 2484 2083 2521 inquirendum
2106 2484 2138 2511 de
2159 2483 2246 2511 valore
2267 2485 2364 2513 Terra-

1703 2530 1784 2553 rum,
1810 2527 1864 2550 διε.
1884 2522 1898 2550 a
1924 2524 2035 2550 Corona
2057 2521 2230 2549 alienatarunt
2247 2542 2254 2553 ,
2276 2526 2302 2551 ὅ(
2330 2524 2363 2552 ad

1703 2562 1930 2596 componendum
1952 2570 2017 2587 cum
2047 2559 2240 2588 Poll'esioxibus
2261 2581 2267 2592 ‚
2306 2564 2362 2592 &c.

1703 2607 1748 2633 75.
1788 2600 1840 2625 Pro
1867 2598 2006 2626 Francisco
2027 2598 2204 2635 Cottington.
2222 2600 2284 2627 ibid.
2308 2602 2361 2629 Pro

1702 2637 1839 2664 Edwardo
1868 2637 1991 2665 Domino
2024 2637 2207 2674 Nuwbmgh,
2231 2638 2361 2674 johanne

1702 2675 1809 2702 Brooke
1819 2696 1825 2705 ,
1839 2675 1985 2713 Rodolpho
2003 2676 2158 2712 Sydenham
2170 2695 2176 2705 ‚
2187 2678 2214 2703 δε
2230 2675 2297 2704 aliis.
2313 2680 2359 2712 76.

1702 2714 1754 2740 Pro
1773 2714 1947 2750 Humphrido
1966 2716 2087 2751 May,de
2104 2714 2239 2741 Scrutinio
2256 2714 2359 2744 facien-

1700 2751 1736 2777 do
1753 2761 1802 2788 pro
1819 2751 1989 2779 Mercandisis
2000 2773 2007 2784 ,
2027 2752 2123 2783 Bonis,
2139 2754 2192 2780 &c.
2211 2754 2296 2790 captis
2312 2764 2359 2790 per

1703 2790 1884 2826 Capitaneum
1904 2791 1990 2817 Kirke
2012 2790 2026 2818 ὲ
2048 2789 2132 2818 Gallis
2150 2792 2221 2827 apud
2246 2793 2360 2821 fortali-

1702 2827 1772 2854 tium
1796 2828 1917 2857 Kebeck.
1947 2838 1993 2864 79.
2032 2830 2084 2856 Pro
2104 2828 2230 2866 johanne
2261 2831 2358 2864 Coke,

1701 2865 1776 2902 Julio
1802 2866 1920 2899 Cael'are,
1944 2870 1970 2895 δε.
1997 2866 2062 2895 aliis.
2086 2868 2150 2894 ibid.
2189 2869 2359 2898 Commissio

1701 2913 1751 2941 pro
1776 2905 1892 2933 Fabiano
1915 2905 2006 2933 Smith
2024 2926 2031 2938 ,
2061 2906 2223 2943 Armigero,
2249 2915 2360 2945 tangens

1701 2943 1912 2971 Commercium
1939 2945 1965 2972 in
1992 2944 2098 2972 Ruffia.
2120 2953 2182 2980 105.
2220 2947 2272 2973 Pro
2298 2949 2359 2974 Ro-

1700 2980 1776 3009 berto
1806 2982 1979 3015 Anstruther,
2004 2982 2109 3015 Milite,
2131 2985 2161 3011 ad
2186 2985 2356 3013 tractandum

1700 3028 1764 3047 cum
1789 3022 1956 3057 Principibus
1979 3021 2146 3049 Electori'ous
2161 3030 2207 3049 aut
2219 3033 2284 3050 cum
2301 3026 2356 3051 De-

1699 3059 1800 3095 putatis
1819 3060 1993 3097 imperatoris
2010 3061 2140 3087 Romani.
2161 3070 2219 3095 107.
2237 3063 2290 3089 Pro
2306 3063 2355 3099 Ja-

1701 3098 1773 3124 cobo
1790 3097 1953 3135 Campbell‚
1972 3098 2078 3130 Milite,
2105 3099 2209 3134 Majore
2230 3100 2355 3128 Civitatis

1698 3136 1725 3162 St
1741 3135 1812 3167 aliis,
1823 3145 1988 3164 concernens
2006 3136 2131 3165 AEdificia
2147 3138 2174 3164 in
2190 3138 2286 3165 eadem
2305 3139 2355 3166 Ci-

1696 3174 1788 3203 vitate.
1812 3184 1819 3201 ι
1831 3185 1872 3210 14.
1910 3177 1961 3203 Pro
1974 3175 2088 3203 Thumi
2101 3174 2233 3212 Aylsbury
2245 3195 2252 3206 ,
2266 3175 2356 3204 Milite

1701 3214 1728 3240 ὅ(
1748 3214 1894 3241 baronetto
1913 3235 1920 3246 ,
1941 3215 1972 3241 ad
2005 3214 2231 3250 supervidendum
2255 3214 2355 3242 statum

1700 3251 1793 3279 Clalsis
1818 3253 1911 3290 Regis.
1934 3262 1993 3287 117.
2032 3253 2083 3278 Pro
2102 3250 2230 3279 Guilford
2252 3250 2355 3290 Slings-

1697 3289 1732 3326 by
1744 3311 1750 3321 ,
1777 3290 1902 3320 Dionilio
1921 3290 2061 3326 Fleming‚
2083 3292 2109 3317 δι
2124 3289 2189 3317 aliis.
2207 3290 2270 3316 ibid.
2301 3292 2354 3319 Pro

1698 3329 1822 3355 Henrico
1839 3329 1952 3356 Comite
1970 3328 2155 3359 Mmchesten
2172 3331 2199 3356 δε
2221 3327 2279 3355 aliis
2301 3339 2353 3366 pro

1698 3366 1897 3403 supervidendo
1930 3367 2068 3396 Recorda,
2095 3367 2216 3403 Scripta,
2243 3368 2296 3395 &c.
2324 3369 2353 3396 iu

1698 3405 1860 3441 poffe.lione
1882 3405 1995 3432 Roberti
2019 3405 2125 3430 Cotton
2157 3403 2266 3433 Militis.
2295 3415 2357 3442 127.

1700 3445 1753 3470 Pro
1771 3443 1885 3470 Thomfi
1906 3443 2060 3473 Edmonds,
2080 3445 2106 3470 ὃ(
2122 3440 2188 3470 aliis.
2205 3443 2268 3472 ibid.
2303 3446 2355 3473 Pro

1698 3481 1807 3510 diverfis
1832 3479 1953 3508 Personis
1976 3481 2007 3507 ad
2032 3482 2236 3509 Sacramentum
2265 3483 2355 3510 admi-

1698 3520 1864 3547 nistrandum
1877 3519 2038 3546 exeuntibus
2055 3528 2068 3546 e
2090 3520 2190 3557 Regno
2204 3530 2251 3558 per
2268 3522 2352 3550 Mare.

1706 3567 1766 3594 ¹3²·
1806 3558 1858 3584 Pro
1880 3557 2016 3584 Richardo
2040 3558 2166 3586 Domino
2189 3558 2300 3586 Weston
2322 3561 2355 3587 ad

1700 3594 1883 3624 Piscationem
1902 3595 1929 3622 in
1953 3596 2020 3623 Mari
2044 3596 2183 3623 Dominiis
2201 3597 2283 3633 Regis
2302 3598 2356 3625 cir-

1700 3634 1880 3668 cumjacente.
1904 3636 1964 3670 136.
1991 3636 2042 3661 Pro
2069 3634 2207 3662 Francisco
2225 3633 2357 3674 Cotting-

1702 3679 1766 3703 tort,
1792 3670 1938 3700 Willielmo
1963 3672 2130 3705 Alexander,
2159 3674 2186 3700 ὅ(
2203 3670 2269 3701 aliis.
2294 3674 2360 3703 ibid.

1702 3711 1754 3736 Pro
1776 3710 1919 3738 Anthonio
1938 3711 2042 3739 Wither
2058 3714 2085 3739 ὃ(
2101 3709 2169 3747 alio,
2190 3711 2222 3738 ad
2234 3710 2355 3748 supervi-

1701 3748 1821 3775 dendum
1837 3750 1998 3780 Pannificos,
2009 3752 2062 3777 &a
2075 3757 2134 3784 137.
2148 3750 2200 3776 Pro
2215 3750 2360 3788 Archiepi-

1699 3785 1782 3823 scopo
1793 3787 1976 3815 Cantuarienli
1987 3791 2013 3815 ὅ(
2024 3787 2088 3818 aliis,
2098 3788 2129 3815 ad
2142 3786 2293 3816 relevamen
2302 3789 2360 3816 Pri-

1702 3824 1882 3853 somriorum.
1903 3835 1964 3861 145·
1981 3828 2034 3853 Pro
2047 3826 2144 3852 eodem
2163 3826 2195 3853 ad
2208 3825 2359 3855 relevamen

1702 3863 1852 3900 Pauperum
1863 3866 1934 3896 ,&c.
1958 3874 2018 3900 147·
2036 3865 2087 3891 Pro
2104 3863 2228 3891 Roberto
2245 3864 2359 3892 Anstru·

1701 3901 1779 3929 thero
1789 3922 1796 3932 ‚
1809 3902 1896 3930 Milite
1907 3903 1954 3934 ‚ad
1969 3902 2136 3930 tractandum
2155 3910 2220 3929 cum
2239 3903 2358 3939 Impera·

1703 3948 1762 3967 tore
1778 3941 1909 3968 Romano
1924 3943 1956 3969 de
1973 3940 2155 3968 Restitutione
2164 3940 2296 3968 Electoris
2310 3941 2360 3968 Pa·

1703 3976 1794 4010 latini,
1816 3981 1844 4007 &
1870 3988 1920 4016 pro
1944 3978 2156 4007 confirmatione
2172 3978 2256 4006 Pacis.
2278 3980 2341 4013 ¹⁶9·

2286 4019 2366 4044 Com-
