2561 4261
252 175 433 228 QUAE
478 171 560 215 ΙΝ
616 174 695 216 1x.
741 174 991 217 ToMls
1035 173 1473 217 FOEDERUM
1521 173 2150 220 CONTINENTUR.
2243 183 2296 231 69

139 263 329 299 Commiffi‘ones.
363 263 493 298 Suprema
511 271 560 298 pro
588 261 682 289 Cauiis
704 262 830 291 Ecclesia-
867 262 1056 297 Commifficmes.
1074 262 1127 288 Pro
1136 259 1254 287 Henrico
1268 261 1426 299 Garraway.
1440 264 1562 291 T.V111.
1600 262 1787 296 commissiones.
1807 262 1859 289 Pro
1870 262 1999 299 Magistro
2011 262 2174 291 Rotulorum
2186 265 2295 292 adaffis-⁴

179 302 259 329 sticis.
284 309 344 333 ¹7¹·
383 301 432 326 Pro
451 300 659 327 continuatione
683 301 768 338 sigilli
783 303 836 328 Ca-

177 337 227 365 roli
259 338 342 365 Primi
380 339 461 375 Regis
498 336 611 375 Angliae.
642 341 677 366 T.
700 340 778 366 v111.
804 342 834 367 P.

177 377 201 403 I.
223 385 246 403 ι.
266 377 411 403 Conceffio
429 376 640 403 commistionis
656 377 764 405 diredtae
774 379 832 406 Cu-

177 413 248 440 stedi
272 415 366 451 Magni
384 414 468 452 Sigilli
494 414 599 451 Angliae
621 424 670 451 pro
690 416 831 443 continua-

176 452 252 479 tione
268 453 466 480 Ministrorum.
486 462 512 479 2.
550 454 601 479 Pto
626 453 835 482 continuatione

178 491 274 527 Magni
293 490 377 528 Sigilli
395 489 498 528 Angliae
509 490 608 518 diredta
623 491 737 518 Custodi
749 493 831 528 Mag-

176 528 313 566 niSigilli.
336 539 360 565 3.
399 531 451 557 Pro
478 529 613 557 Edwardo
635 527 757 560 Villiers‚
778 531 831 557 Mi-

176 565 239 598 lite,
269 570 295 595 &
312 567 380 598 altis.
403 576 430 602 5.
468 568 521 594 Pro
550 566 666 593 Ricardo
698 568 829 599 Weston.

178 604 282 637 Milite,
305 604 469 633 Cancellario
486 607 513 633 &
525 604 743 632 subthesaurario
753 607 831 633 Scae·

176 644 256 675 carii,
284 646 311 672 ὃς
332 643 398 671 aliis.
418 652 446 677 9.
493 644 544 670 Pto
569 642 694 679 Johanne
720 643 830 679 Episco-

174 691 212 718 po
235 681 392 709 Lincolniae.
431 690 476 717 3²·
527 682 579 708 Pro
608 680 734 717 johanne
769 683 828 708 Do-

174 720 253 747 mino
284 722 349 757 Lay.
376 720 435 747 ibid.
485 720 537 746 Pro
569 718 690 745 Henrico
713 718 829 747 Viceco-

176 758 244 785 mite
264 757 453 785 Maundeville.
470 757 531 786 ibid.
558 758 610 783 Pro
629 756 765 783 Edwardo
780 757 829 784 Vi-

177 797 311 823 cecomite
339 796 498 823 Worcester.
521 793 586 822 ibid.
631 795 683 820 Pto
705 796 829 832 Georgio

177 835 255 862 Duce
283 833 516 871 Buckinghamiae.
533 831 595 858 ibid.
635 832 686 858 Pro
714 831 829 861 Thermi

175 873 289 900 Comite
311 871 472 900 Arundelliae
493 872 520 897 δί
547 868 653 896 Surriae.
673 869 736 897 ibid.
777 872 829 898 Pro

171 910 332 938 Guillielmo
349 910 462 937 Comite
479 906 663 935 Pembrokiae.
680 907 742 934 ibid.
776 910 829 935 Pro

174 948 301 986 Philippo
318 947 430 975 Comite
449 944 669 981 Montgomeriae.
687 945 749 973 ibid.
777 946 829 973 Pro

173 986 285 1014 olivero
300 986 413 1013 Comite
430 982 595 1011 Grandison.
613 982 676 1010 ibid.
713 984 764 1010 Pro
777 985 831 1012 Ed-

173 1026 268 1053 wardo
280 1025 403 1051 Domino
419 1023 559 1057 Comway
576 1021 609 1047 de
628 1019 744 1057 Rayley,
761 1021 828 1051 ibid,

174 1063 227 1090 Pro
249 1062 371 1099 Georgio
397 1059 521 1087 Domino
548 1059 656 1086 Carew.
673 1058 737 1087 ibid.
775 1062 828 1089 Pro

174 1100 299 1128 Fulkone
315 1098 439 1126 Domino
457 1096 558 1124 Brook.
575 1096 638 1124 ibid.
674 1098 725 1124 Pro
747 1098 828 1126 Tho.

175 1139 222 1165 mi
246 1138 400 1166 Edmonds.
416 1135 479 1166 ibid.
517 1136 569 1162 Pro
590 1134 717 1173 johanne
740 1137 826 1164 Suck-

170 1175 237 1213 ling.
255 1177 317 1204 ibid.
357 1178 409 1203 Pro
436 1174 561 1201 Roberto
595 1175 739 1203 Naunton.
764 1176 826 1205 ibid.

172 1217 224 1242 Pro
245 1215 354 1242 Alberto
372 1214 514 1241 Moreton.
531 1212 593 1239 ibid.
621 1213 673 1240 Pro
692 1213 827 1242 Richardo

171 1253 294 1281 Weston.
314 1252 376 1280 ibid.
416 1253 466 1279 Pro
485 1249 562 1287 Julio
583 1250 672 1278 Cesar.
691 1251 754 1278 ibid.
774 1254 825 1280 Pro

170 1291 324 1319 Humfrido
341 1291 417 1327 May.
434 1289 497 1318 ibid.
535 1289 587 1315 Pro
599 1290 745 1317 Laurentio
753 1292 828 1318 Tan-

170 1329 242 1357 field.
267 1330 329 1357 ibid.
369 1331 420 1356 Pro
449 1328 581 1356 Edwardo
609 1326 826 1364 Bromlay.ibid.

173 1369 225 1396 Pro
243 1368 369 1406 johanne
388 1366 524 1395 Denham.
544 1365 607 1394 ibid.
646 1367 697 1393 Pro
723 1366 827 1402 Johan-

169 1415 203 1433 ne
220 1407 379 1434 Sotherton.
401 1414 445 1442 33.
480 1406 531 1432 Pro
547 1404 661 1432 Thoma
676 1405 829 1442 Covcntry.

166 1444 230 1473 ibid.
269 1446 322 1472 Pro
349 1444 472 1472 Roberto
500 1442 611 1474 Heath,
648 1441 826 1472 Sollicitatore

167 1482 302 1511 Generali.
321 1482 383 1511 ibid.
423 1483 476 1509 Pro
496 1479 633 1508 Nicholao
648 1481 825 1509 Trockmor-

168 1528 227 1549 ton.
245 1522 308 1550 ibid.
345 1523 396 1549 Pro
416 1519 552 1548 Edwardo
570 1517 708 1556 Moseley‚
731 1521 826 1548 Attor-

168 1568 234 1588 nato
259 1561 380 1588 Ducatt'is
410 1557 577 1586 Lancastriae.
594 1557 657 1585 ibid.
697 1559 748 1584 Pro
773 1558 825 1595 Jo-

169 1597 258 1626 hanne
281 1598 419 1626 Denham.
437 1598 486 1633 46.
523 1597 575 1623 Pro
603 1594 749 1623 Willielmo
774 1597 827 1632 jo-

170 1646 226 1664 nes.
250 1637 312 1665 ibid.
350 1638 402 1664 Pro
433 1633 574 1663 Francisco
601 1633 744 1671 Annessey.
760 1635 825 1663 ibid.

171 1676 224 1702 Pro
240 1675 354 1703 Thoma
367 1675 478 1701 Crewe.
495 1672 557 1700 ibid.
597 1674 649 1700 Pro
665 1672 825 1701 Nathaniele

171 1714 270 1741 Riche.
288 1714 351 1741 ibid.
388 1714 450 1740 Pro>
467 1710 606 1739 Francisco
624 1711 742 1738 Goston.
760 1711 824 1740 ibid.

169 1752 223 1779 Pro
239 1753 358 1780 Henrico
376 1749 518 1779 Holcroft.
534 1749 596 1776 ibid.
634 1750 686 1776 Pro
710 1750 826 1778 Emma-

168 1790 246 1818 nuale
263 1790 383 1819 Gifford.
402 1787 465 1817 ibid.
492 1789 544 1815 Pro
561 1786 696 1815 Richardo
713 1787 827 1817 Hadsor.

170 1829 232 1856 ibid.
272 1830 325 1856 Pro
341 1828 446 1866 Jacobo
470 1826 597 1853 Domino
622 1828 696 1863 Ley.
719 1827 824 1864 Magno

169 1866 346 1894 Thesaurario
371 1864 485 1903 Angliae.
501 1865 548 1900 48.
586 1865 639 1891 Pro
664 1864 825 1893 Guillielmo

170 1905 298 1931 Domino
329 1905 444 1931 Herbert
474 1903 507 1931 de
532 1902 635 1931 Cardif.
666 1902 729 1932 ibid.
775 1905 827 1932 Pro

169 1942 286 1971 Thoma
315 1940 541 1978 Chamberlayne.
565 1941 628 1969 ibid.
664 1942 716 1969 Pro
749 1943 826 1970 Mar-

169 1981 288 2009 maduco
310 1980 409 2017 Lloyd.
435 1979 499 2007 ibid.
536 1981 587 2007 Pro
611 1978 729 2007 Waltero
760 1982 827 2018 Pye.

169 2019 233 2047 ibid.
271 2020 324 2047 Pro
343 2019 450 2047 Andrei
466 2016 578 2045 Powell.
595 2017 658 2045 ibid.
696 2019 749 2046 Pro
774 2020 828 2047 Ni-

168 2056 265 2086 cholao
282 2057 440 2095 Overbury.
457 2055 520 2083 ibid.
558 2057 609 2082 Pro
630 2054 758 2093 Johanne
773 2059 828 2085 Os-

172 2096 247 2124 kins.
263 2095 327 2125 ibid.
366 2097 418 2123 Pro
432 2096 512 2124 Petro
528 2094 653 2123 Mutton.
669 2093 733 2122 ibid.
774 2097 828 2123 Pro

171 2135 307 2163 Edwardo
341 2133 486 2162 Littleton.
510 2132 573 2160 ibid.
617 2133 670 2160 Pro
703 2132 827 2161 Roberto

178 2172 336 2201 Needham.
362 2172 425 2200 ibid.
462 2172 515 2199 Pro
535 2170 648 2199 Thomfi
668 2170 830 2205 Midlleton,

173 2217 239 2239 natu
256 2211 369 2247 majore.
386 2210 449 2238 ibid.
469 2211 521 2237 Pro
540 2209 662 2237 Roberto
673 2208 831 2247 Killegrew.

172 2249 236 2278 ibid.
274 2251 326 2277 Pro
353 2248 477 2276 Gilberto
503 2247 656 2275 Knivaton.
675 2247 739 2275 ibid.
778 2249 831 2276 Pro

171 2288 278 2326 Jacobo
293 2288 376 2316 Price.
394 2286 458 2315 ibid.
493 2286 546 2314 Pro
554 2285 669 2315 Thoma
686 2284 831 2318 Midleton,

169 2327 289 2363 juniore.
313 2326 375 2354 ibid.
413 2326 466 2353 Pro
496 2322 591 2352 Euball
615 2323 757 2352 Thelwall.
784 2333 833 2360 49.

174 2367 227 2393 Pro
254 2362 414 2392 Guillielmo
440 2365 544 2391 Owen.
569 2361 632 2390 ibid.
674 2364 727 2390 Pro
754 2362 832 2390 Bevis

171 2402 316 2432 Thelwall.
350 2402 413 2430 ibid.
466 2402 520 2429 Pro
554 2399 695 2429 Francisco
726 2399 833 2428 Godol·

172 2441 252 2479 phin.
270 2441 334 2469 ibid.
373 2442 427 2468 Pro
445 2439 560 2467 Thoma
573 2440 681 2468 Canon.
698 2438 761 2466 ibid.
781 2440 834 2466 Pro

173 2479 322 2508 willielmo
358 2478 476 2508 Dolben.
510 2477 572 2505 ibid.
618 2479 671 2505 Pro
706 2476 835 2513 Johanne

174 2517 260 2546 Weld.
279 2518 341 2547 ibid.
378 2519 430 2545 Pro
448 2514 594 2544 Willielmo
609 2514 758 2543 Salisburie.
772 2516 834 2544 ibid.

175 2557 227 2583 Pro
249 2558 371 2584 Roberto
393 2555 521 2582 Corbett.
535 2554 598 2583 ibid.
636 2555 687 2582 Pro
707 2552 833 2582 Rolando

174 2595 263 2631 Pugh.
281 2595 342 2623 ibid.
387 2595 441 2621 Pro
468 2594 581 2630 Rogero
607 2591 752 2620 Midleton.
770 2593 833 2621 ibid.

176 2635 229 2661 Pro
257 2632 390 2660 Meredith
422 2632 548 2669 Morgan.
574 2630 637 2659 ibid.
692 2631 744 2657 Pro
781 2631 835 2658 Ed-

175 2672 272 2700 wardo
289 2671 374 2700 Price.
392 2670 455 2700 ibid.
487 2671 540 2697 Pro
555 2668 670 2696 Thumi
685 2668 768 2696 Price.
787 2679 837 2704 49.

177 2710 231 2737 Pro
259 2709 377 2737 Thomss.
401 2709 496 2746 Jones.
514 2707 575 2736 ibid.
614 2708 666 2734 Pro
691 2707 830 2735 Francii‘co

178 2748 303 2776 Herbert.
336 2747 397 2777 ibid.
437 2748 490 2774 Pro
517 2745 637 2774 Hemico
672 2745 750 2772 Lort.
773 2745 835 2774 ibid.

176 2788 229 2816 Pro
244 2787 348 2814 Davide
361 2787 476 2822 Gwynn
486 2784 601 2819 Jenkin-
614 2783 675 2812 ibid.
695 2784 746 2810 Pro
755 2785 834 2812 Tho-

180 2826 228 2852 mzi.
254 2826 411 2862 Bagshawe.
435 2823 495 2852 ibid.
535 2823 587 2850 Pro
615 2821 743 2859 johanne
769 2821 836 2850 Gill.

178 2863 240 2891 ibid.
279 2864 330 2890 Pto
349 2862 440 2899 Lyson
457 2864 562 2889 Owen.
579 2860 642 2889 ibid.
682 2861 733 2887 Pro
754 2860 835 2888 Tho-

179 2901 227 2928 ma
251 2901 399 2928 Mathews.
420 2900 482 2928 ibid.
519 2901 571 2926 Pro
599 2898 752 2926 Alexandro
775 2900 834 2926 Ro-

177 2939 259 2966 berts.
277 2939 337 2968 ibid.
378 2940 430 2966 Pro
446 2936 557 2964 Daniele
580 2936 755 2964 Hochstetur.
774 2938 836 2966 ibid.

185 2978 238 3004 Pro
257 2977 393 3004 Richardo
413 2975 528 3003 Harries.
545 2975 606 3003 ibid.
645 2976 696 3001 Pro
710 2974 837 3011 johanne

179 3015 280 3042 Evans.
296 3015 358 3043 ibid.
391 3016 443 3042 Pro
461 3012 610 3041 Humfrido
625 3014 688 3039 Lee.
710 3021 755 3046 59.
783 3014 835 3041 Pro

180 3052 323 3080 Francisco
340 3053 511 3089 Barrington.
527 3052 587 3080 ibid.
625 3051 678 3077 Pro
694 3051 835 3079 Francisco

184 3093 251 3123 Lee,
275 3093 429 3119 Batonetto.
447 3090 507 3117 ibid.
535 3091 588 3116 Pro
604 3088 729 3125 Johanne
738 3088 836 3122 Butler,

181 3130 336 3157 Baronetto.
355 3129 416 3158 ibid.
458 3129 509 3155 Pro
529 3127 644 3154 Thomix
671 3126 836 3161 Coventrie,

179 3169 356 3196 procuratore
375 3165 509 3194 Generali.
536 3165 596 3193 ibid.
635 3166 688 3192 Pro
712 3165 837 3194 Roberto

182 3206 290 3238 Heath‚
320 3204 498 3233 Sollicitatore
527 3201 662 3231 Generali.
687 3202 747 3231 ibid.
786 3206 837 3232 Pro

181 3246 307 3282 Haneage
326 3244 420 3272 Finch.
438 3242 498 3271 ibid.
538 3243 590 3269 Pro
612 3241 731 3268 Henrico
750 3243 836 3269 Woo-

177 3282 235 3321 lop.
252 3283 313 3312 ibid.
349 3284 399 3310 Pro
417 3280 539 3317 Georgio
557 3280 665 3306 Moore.
684 3278 747 3306 ibid.
787 3281 838 3307 Pro

182 3323 307 3350 Roberto
319 3320 495 3349 Moete.ibid.
514 3321 565 3346 Pro
578 3317 722 3345 Edmundo
740 3319 840 3354 Boyer.

178 3360 240 3389 ibid.
259 3362 311 3387 Pro
328 3360 453 3386 Roberto
469 3356 634 3384 Crane.ibid.
656 3357 706 3383 Pro
716 3355 838 3384 Guilliel·

179 3409 229 3426 mo
241 3398 348 3435 Spring.
366 3397 427 3426 ibid.
449 3398 500 3424 Pro
516 3395 642 3432 johanne
660 3395 757 3433 Tracy.
777 3394 838 3424 ibid.

178 3439 231 3466 Pro
250 3437 371 3464 Henrico
386 3434 532 3463 Glenham.
550 3434 611 3462 ibid.
655 3434 706 3460 Pro
725 3432 838 3460 Richar-

180 3475 217 3502 do
235 3473 375 3501 Lovelace.
388 3474 449 3503 ibid.
468 3474 520 3500 Pro
533 3472 648 3499 Edwino
664 3471 758 3498 Sands.
777 3471 838 3500 ibid.

180 3514 234 3540 Pro
259 3510 365 3548 Dudley
387 3512 486 3548 Diggs.
502 3511 560 3538 ibid.
600 3511 652 3537 Pro
677 3508 836 3537 Guillieltno

178 3550 317 3578 Strowde.
331 3549 392 3577 ibid.
424 3552 476 3577 Pro
493 3546 653 3577 Guillielmo
670 3548 757 3584 Cope.
776 3548 836 3577 ibid.

178 3590 231 3617 Pro
247 3587 373 3624 johanne
388 3589 574 3624 Strangways.
590 3586 650 3614 ibid.
667 3588 719 3613 Pro
734 3586 836 3623 Philip-

176 3637 215 3664 po
230 3627 327 3662 Carey.
345 3625 407 3654 ibid.
438 3626 491 3652 Pro
507 3625 628 3652 Henrico
646 3625 756 3652 Martin.
774 3625 836 3654 ibid.

174 3667 228 3693 Pro
236 3665 350 3692 Thoma
370 3665 467 3691 Reves.
482 3662 542 3690 ibid.
571 3664 622 3690 Pro
639 3663 755 3691 Arthuro
768 3665 835 3690 Har-

177 3704 222 3731 ris.
235 3703 296 3732 ibid.
324 3704 376 3730 Pro
385 3701 509 3737 Georgio
520 3699 671 3727 Pauli.ibid.
688 3703 739 3729 Pro
751 3701 833 3729 Paulo

176 3742 282 3769 Pinder.
291 3741 352 3769 ibid.
374 3742 426 3768 Pro
436 3738 572 3766 Richardo
581 3740 762 3767 Suttonjoid.
781 3742 832 3767 Pro

176 3780 302 3818 johanne
318 3776 529 3807 Wolstenholm.
548 3776 610 3804 ibid.
643 3777 694 3803 Pro
710 3777 833 3806 Guilliel-

179 3828 229 3846 mo
254 3817 404 3844 Cockaiue.
431 3818 478 3843 60.
516 3817 568 3842 Pro
592 3814 725 3842 Edwardo
751 3816 831 3843 Bark-

178 3857 253 3884 ham.
269 3855 331 3883 ibid.
369 3857 421 3883 Pro
435 3852 530 3881 Basilio
549 3852 678 3888 Fielding.
697 3853 749 3880 ibid
779 3855 830 3882 Pro

179 3896 304 3922 Roberto
333 3892 505 3930 Ducy.ibid.
544 3892 594 3918 Pro
626 3890 729 3927 Raiphe
755 3893 831 3919 Free-

178 3943 254 3961 man.
267 3931 330 3960 ibid.
369 3933 420 3959 Pro
446 3930 570 3958 Roberto
593 3929 745 3956 Parkhurst.
766 3929 831 3958 ibid.

177 3973 230 3999 Pro
249 3972 372 3998 Roberto
388 3972 514 4006 Hopton.
533 3968 596 3996 ibid.
633 3968 684 3993 Pro
716 3969 833 3994 Lauren-

176 4010 218 4037 tio
247 4008 408 4036 Whiteacre.
433 4007 494 4037 ibid.
531 4008 583 4035 Pro
611 4005 737 4042 Johanne
768 4004 835 4032 Wil-

181 4046 270 4074 liams.
287 4046 350 4075 ibid.

210 4088 282 4112 Tam.
299 4089 334 4113 X.
359 4088 392 4113 Ρ.
409 4088 455 4112 IV.

905 300 967 328 P.1.
989 302 1035 326 60.
1056 300 1106 326 Pro
1122 297 1279 326 Guillielmo
1289 301 1409 327 Tumor.
1425 300 1477 328 ibid
1508 302 1560 328 Pro

905 337 1049 364 Anthonio
1069 337 1159 374 Abdy.
1173 335 1235 363 ibid.
1272 337 1325 363 Pro
1344 338 1460 365 Thomi
1478 339 1559 367 Mou-

901 385 945 402 ne.
975 375 1037 402 ibid.
1077 377 1128 403 Pro
1159 374 1310 402 Alexandro
1341 375 1466 403 stafford.
1498 377 1557 406 ibid.

905 414 956 440 Pro
990 412 1148 440 Guillielmo
1184 411 1362 441 Richardson.
1395 414 1455 441 ibid.
1507 417 1557 442 Pro

903 451 1028 487 Georgio
1044 452 1168 479 Stroude.
1183 450 1244 478 ibid.
1280 451 1331 477 Pro
1349 451 1472 479 Gabriele
1488 455 1555 479 Har-

902 487 1398 555 it.2·.{21t.01213..0.¹.zm2222ffli.z‚
1413 489 1558 564 iffi-...¹3¹2

1193 549 1200 555 .
1287 547 1293 553 ·
1489 539 1494 544 ‘
1525 539 1542 555 ss

902 565 1015 591 Comite
1031 563 1115 593 Clare.
1141 573 1186 599 70.
1224 566 1276 592 Pro
1301 564 1418 592 Henrico
1451 566 1553 592 Domi·

898 612 936 630 no
964 601 1127 631 Maltravers.
1147 603 1210 630 ibid.
1247 603 1299 629 Pro
1326 601 1431 638 Dudley
1455 603 1555 630 Domi-

900 650 938 667 no
966 640 1067 669 North.
1094 640 1158 669 ibid.
1196 642 1249 668 Pro
1275 640 1398 677 Georgio
1428 642 1553 668 Domino

900 676 1057 707 Baltimore.
1074 677 1135 708 ibid.
1173 680 1224 706 Pro
1243 679 1377 705 Edwardo
1398 679 1480 708 Cecil.
1497 680 1557 709 ibid.

906 717 958 743 Pto
985 716 1107 743 Roberto
1128 717 1269 744 Naunton.
1293 716 1353 745 ibid.
1392 717 1443 743 Pro
1468 719 1556 754 Bapti-

901 755 937 781 sta
964 753 1081 785 Hickes,
1108 755 1265 781 Batonetto.
1287 754 1348 782 ibid.
1386 755 1437 782 Pro
1461 756 1556 792 Benja-

902 793 983 820 mino
998 791 1154 828 Ruddyard.
1171 793 1233 821 ibid.
1260 794 1311 820 Pro
1326 792 1439 820 Thomi
1456 795 1559 821 Penru-

897 830 978 859 dock.
996 830 1059 857 ibid.
1087 831 1138 857 Pro
1154 830 1280 866 Johanne
1296 830 1398 858 North.
1417 831 1477 859 ibid.
1506 833 1558 860 Pro

902 867 996 897 Grevil
1019 870 1137 904 Verney.
1156 868 1216 896 ibid.
1253 870 1305 895 Pro
1327 869 1453 906 Georgio
1471 869 1560 899 Paule.

902 914 948 940 70.
986 908 1038 934 Pro
1056 906 1175 933 Hearico
1192 905 1294 944 Spiller.
1312 907 1373 936 ibid.
1403 908 1455 934 Pro
1465 909 1556 935 Hum-

902 943 974 972 frido
991 943 1214 972 Handford.ibid.
1233 946 1284 972 Pro
1292 943 1451 972 Guillielmo
1463 947 1560 983 Noye.

903 983 962 1011 ibid.
1001 984 1054 1010 Pro
1070 980 1230 1010 Guillielmo
1247 982 1397 1013 Hackwcll.
1415 983 1477 1012 ibid.
1504 985 1556 1012 Pro

899 1020 1028 1055 johanne
1044 1021 1144 1048 Weste.
1161 1021 1223 1050 ibid.
1262 1023 1315 1048 Pro
1331 1020 1490 1049 Guillielmo
1501 1023 1555 1050 Da-

901 1058 963 1086 niel.
981 1059 1042 1086 ibid.
1087 1060 1140 1086 Pro
1163 1059 1244 1096 Inigo
1268 1059 1372 1096 Jonesu
1396 1060 1458 1088 ibid.
1502 1062 1554 1088 Pro

902 1096 1040 1124 Nicholao
1059 1098 1151 1125 Leate.
1171 1096 1231 1126 ibid.
1271 1099 1323 1125 Pro
1342 1097 1457 1126 Thoma
1480 1099 1555 1128 Stile.

900 1135 962 1164 ibid.
999 1136 1051 1162 Pro
1068 1135 1194 1171 johanne
1210 1134 1319 1172 Halsey.
1335 1136 1396 1165 ibid.
1416 1137 1467 1163 Pro
1475 1136 1555 1164 Tho-

899 1183 945 1200 ma
962 1173 1063 1200 Smith.
1081 1174 1126 1207 76.
1165 1174 1217 1200 Pro
1239 1173 1398 1201 Guillielmo
1423 1176 1553 1212 Haydon.

898 1211 959 1240 ibid.
979 1213 1030 1239 Pro
1045 1210 1172 1248 johanne
1190 1210 1400 1240 Wolstenholm.
1421 1212 1484 1242 ibid.
1503 1215 1554 1241 Pro

898 1248 976 1277 Allen
996 1249 1109 1286 Apssey.
1126 1248 1186 1277 ibid.
1212 1251 1265 1277 Pro
1283 1249 1430 1278 willielmo
1443 1251 1556 1280 Ruffell.

898 1288 959 1316 ibid.
978 1288 1030 1314 Pro
1045 1287 1172 1324 johanne
1189 1288 1310 1315 Osborn.
1328 1288 1390 1318 ibid.
1409 1290 1460 1315 Pro
1474 1290 1557 1316 Fran-

900 1325 972 1353 cisco
988 1326 1108 1354 Goston.
1127 1325 1188 1354 ibid.
1216 1326 1268 1352 Pro
1290 1326 1426 1354 Richardo
1444 1328 1556 1356 Sutton.

899 1364 960 1392 ibid.
999 1365 1052 1391 Pro
1076 1362 1205 1390 Dionifio
1231 1362 1380 1401 Fleminge.
1397 1364 1459 1393 ibid.
1504 1367 1558 1392 Pro

903 1403 1028 1429 Roberto
1040 1401 1153 1429 Comite
1168 1401 1336 1439 Roxbrugh.
1355 1401 1401 1430 80.
1419 1403 1471 1429 Pro
1483 1402 1555 1430 Wal-

899 1446 938 1468 ter
956 1440 1081 1468 Domino
1100 1441 1166 1467 Scot
1181 1440 1214 1466 de
1231 1439 1392 1477 Buckleigh.
1409 1439 1472 1469 ibid.
1506 1442 1558 1468 Pro

899 1478 1059 1506 Guillielmo
1086 1477 1213 1505 Domino
1238 1478 1383 1506 Cranston.
1405 1478 1466 1507 ibid.
1504 1479 1556 1506 Pro

900 1517 1027 1555 johanne
1044 1518 1138 1544 Hume
1156 1517 1189 1543 de
1207 1516 1390 1545 Manderston.
1407 1517 1468 1547 ibid.
1504 1518 1557 1545 Pro

899 1553 1058 1593 Theophilo
1084 1555 1209 1581 Domino
1233 1555 1356 1583 Howard
1378 1555 1411 1583 de
1436 1553 1557 1583 Walden.

896 1594 956 1623 ibid.
994 1595 1046 1621 Pro
1060 1592 1201 1620 Richardo
1216 1592 1353 1630 Episcopo
1367 1593 1400 1621 de
1418 1593 1556 1621 Durham.

897 1633 960 1661 ibid.
1003 1634 1054 1660 Pro
1080 1631 1205 1668 Johanne
1232 1632 1377 1659 Fenwick.
1401 1631 1464 1659 ibid.
1502 1633 1555 1659 Pro

899 1671 1026 1708 Georgio
1041 1669 1164 1698 Dalston.
1181 1669 1243 1697 ibid.
1271 1671 1323 1698 Pro
1338 1669 1479 1697 Francisco
1495 1671 1553 1698 Co-

899 1710 966 1737 mite
999 1707 1190 1736 Cumberland.
1224 1717 1270 1742 90.
1309 1709 1362 1735 Pro
1394 1707 1555 1736 Guillielmo

899 1747 1012 1775 Comite
1027 1747 1165 1775 d'Exeter.
1184 1745 1244 1776 ibid.
1282 1747 1335 1773 Pro
1354 1747 1474 1774 Henrico
1494 1749 1554 1775 Do-

898 1786 978 1814 mino
994 1784 1120 1813 Clifford.
1138 1785 1199 1812 ibId.
1227 1786 1280 1812 Pro
1296 1785 1409 1812 Thoma
1424 1786 1557 1823 Sauvage.

897 1825 958 1853 ibid.
995 1825 1046 1851 Pro
1063 1823 1188 1861 Georgio
1199 1822 1304 1855 Booth,
1326 1824 1478 1853 Batonetto.
1494 1824 1556 1852 ibid.

901 1865 954 1891 Pro
983 1860 1135 1898 Rodolpho
1160 1862 1283 1892 Ashton,
1315 1863 1470 1890 aaronem.
1496 1862 1558 1891 ibid.

901 1904 955 1930 Pro
973 1900 1103 1928 Gervafio
1112 1898 1235 1931 Clifton‚
1248 1901 1401 1928 Batonetto.
1419 1900 1481 1929 ibid.
1502 1902 1554 1928 Pro

899 1939 1003 1968 Davide
1019 1937 1122 1967 Fowlis
1132 1939 1302 1971 ,Baronetto.
1318 1938 1379 1967 ibid.
1406 1939 1458 1965 Pro
1473 1938 1553 1966 Tho-

899 1980 946 2006 ma
976 1977 1131 2005 Posthumo
1160 1976 1274 2014 Hobby.
1292 1976 1354 2005 ibid.
1394 1977 1447 2004 Pro
1475 1976 1556 2005 Guil-

901 2016 995 2044 lielmo
1021 2015 1094 2044 Ellis.
1112 2015 1174 2045 ibid.
1210 2016 1263 2042 Pro
1286 2015 1401 2043 Thomi
1416 2013 1558 2052 Tildeshy.

899 2055 963 2084 ibid.
1000 2055 1052 2082 Pro
1075 2054 1192 2082 Thomb.
1209 2053 1281 2081 Ellis.
1300 2054 1361 2083 ibid.
1393 2055 1445 2081 Pro
1468 2054 1558 2081 Geor·

898 2094 952 2160 ii}
976 2091 1052 2158 ¹³3³.ss
1082 2092 1216 2168 &3¹ng
1219 2090 1561 2160 “322i1‘t'33¹³¹¹3i.·?²1st3.¹¹.;

903 2168 1035 2197 Matthaeo
1059 2168 1224 2196 Dosworth.
1251 2168 1314 2197 ibid.
1351 2170 1402 2197 Pro
1432 2167 1559 2205 Johanne

904 2207 1102 2241 Cradock.9i.
1139 2207 1192 2234 Pro
1217 2205 1337 2234 Henrico
1367 2207 1467 2234 Banks.
1498 2206 1563 2235 ibid.

903 2247 958 2274 Pro
987 2245 1111 2282 Georgio
1139 2244 1285 2281 stanhope.
1312 2243 1374 2273 ibid.
1421 2245 1475 2271 Pro
1507 2245 1561 2272 Ca-

902 2283 964 2312 rolo
1002 2282 1166 2320 Odingsells.
1205 2282 1267 2312 ibid.
1323 2283 1376 2310 Pro
1416 2282 1563 2310 Edmundo

902 2320 1039 2357 Beardsey.
1061 2321 1125 2350 ibid.
1163 2325 1215 2349 Pro
1237 2320 1366 2349 Roberto
1390 2320 1478 2357 King.
1501 2321 1564 2350 ibid.

906 2361 958 2387 Pro
991 2357 1150 2386 Guillielmo
1183 2359 1298 2387 Forster.
1326 2359 1390 2386 ibed.
1428 2359 1480 2386 Pro
1512 2359 1564 2396 Jo-

902 2397 990 2425 haune
1023 2396 1136 2424 Wilson.
1161 2396 1222 2424 ibid.
1259 2397 1311 2423 Pro
1345 2395 1469 2423 Roberto
1505 2398 1564 2424 Ne-

905 2435 978 2463 well.
992 2435 1054 2464 ibid.
1091 2436 1145 2462 Pro
1172 2435 1328 2472 Augustino
1356 2433 1482 2470 Lindsey.
1504 2434 1565 2463 ibid.

905 2475 957 2502 Pro
977 2474 1089 2501 Thoma
1103 2472 1237 2508 Jockson.
1253 2472 1315 2501 ibid.
1354 2473 1406 2499 Pro
1432 2473 1564 2500 Matthaeo

907 2514 1000 2540 Wren.
1028 2511 1088 2541 ibid.

904 2551 958 2578 Pro
978 2550 1108 2587 johanne
1131 2548 1254 2576 Shelton.
1274 2548 1334 2577 ibid.
1371 2549 1423 2576 Pro
1447 2549 1563 2577 Thomi

905 2588 968 2616 Bell.
987 2589 1049 2616 ibid.
1087 2589 1139 2616 Pro
1164 2587 1304 2615 Francisco
1327 2587 1484 2625 Burgoyne.
1501 2587 1564 2616 ibId.

904 2628 957 2654 Pro
974 2627 1152 2654 Marmaduco
1176 2625 1326 2653 Blaceston.
1345 2624 1404 2654 ibid.
1433 2627 1485 2652 Pro
1502 2627 1566 2653 Fer·

905 2666 1023 2694 dinando
1056 2664 1234 2692 Morecrofte.
1261 2664 1320 2693 ibid.
1357 2664 1410 2691 Pro
1436 2663 1563 2700 Johanne

907 2703 1032 2731 Robson.
1052 2703 1113 2730 ibid.
1151 2703 1202 2729 Pro
1225 2701 1349 2730 Gabriele
1374 2701 1480 2730 Clerke.
1499 2702 1561 2730 ibid.

904 2743 956 2769 Pro
994 2743 1073 2769 Petro
1107 2743 1206 2769 Smart.
1238 2741 1298 2768 ibid.
1356 2740 1408 2767 Pro
1454 2739 1564 2767 Williel-

908 2790 957 2808 mo
976 2779 1079 2816 James.
1102 2780 1163 2809 ibid.
1198 2780 1251 2807 Pro
1284 2777 1426 2806 Clemente
1453 2778 1564 2807 Holder.

903 2818 960 2846 ibid
984 2819 1035 2846 Pro
1053 2819 1172 2847 Henrico
1189 2819 1261 2845 Bate.
1278 2817 1341 2846 ibid.
1379 2818 1430 2844 Pro
1449 2817 1563 2844 Richar-

903 2859 940 2885 do
963 2858 1066 2885 Perrot.
1084 2857 1145 2885 ibid.
1181 2857 1232 2883 Pro
1261 2855 1386 2893 johanne
1422 2854 1564 2883 Bramhall.

907 2904 953 2930 9¹·
997 2895 1049 2923 Pro
1081 2895 1227 2923 Edmundo
1255 2893 1363 2921 Mason.
1396 2893 1456 2921 ibid.
1514 2895 1565 2921 Pro

907 2933 1034 2971 johanne
1049 2933 1154 2971 Lively.
1171 2933 1232 2962 ibid.
1271 2934 1323 2960 Pro
1345 2931 1445 2959 carolo
1471 2930 1562 2969 Sling-

907 2974 954 3009 by.
972 2972 1033 3000 ibid.
1074 2974 1125 3000 Pro
1140 2972 1275 2999 Cutberto
1292 2969 1401 3006 Ridley.
1419 2970 1479 2997 ibid.
1509 2971 1561 2997 Pro

905 3011 1064 3047 Augustino
1089 3009 1234 3039 Wildbore.
1260 3009 1321 3037 ibid.
1359 3010 1411 3036 Pro
1441 3009 1561 3036 Henrico

907 3049 1066 3076 Eubancke.
1082 3049 1143 3077 ibid.
1183 3050 1236 3076 Pro
1261 3047 1366 3075 Andrea
1391 3048 1484 3074 Petne.
1502 3047 1564 3076 ibid.

906 3088 957 3114 Pto
978 3087 1106 3124 Johanne
1126 3085 1247 3114 Aldeme.
1265 3086 1326 3113 ibid.
1365 3087 1417 3112 Pro
1438 3085 1564 3122 Johanne

906 3125 1037 3162 Langley.
1055 3125 1116 3152 ibid.
1152 3126 1205 3151 Pro
1223 3124 1348 3152 Henrico
1365 3123 1478 3151 Filston.
1500 3123 1564 3151 ibid.

906 3165 958 3191 Pro
973 3165 1053 3190 Petro
1072 3163 1172 3190 White.
1190 3163 1252 3190 ibid.
1288 3163 1340 3189 Pro
1366 3161 1490 3198 Georgio
1508 3163 1563 3198 By-

909 3211 982 3229 rom.
1007 3201 1067 3229 ibid.
1105 3203 1160 3228 Pro
1179 3201 1284 3238 Jacobo
1310 3201 1394 3237 Hyat.
1412 3199 1472 3227 ibid.
1510 3201 1563 3227 Pro

912 3240 1045 3267 Cutberto
1079 3240 1220 3268 Cuttwin.
1255 3238 1316 3266 ibid.
1353 3239 1404 3265 Pro
1436 3237 1564 3274 johanne

912 3276 1116 3306 Teesdale.ibid.
1136 3280 1188 3306 Pro
1199 3277 1363 3305 Hieronimo
1381 3276 1565 3304 Waterhouse.

906 3315 966 3344 ibid.
1003 3315 1191 3352 ProJohanne
1202 3314 1395 3352 Spencer.ibid.
1423 3315 1474 3340 Pto
1492 3316 1563 3341 Leo-

913 3355 995 3382 nardo
1005 3353 1147 3381 Milburne.
1155 3354 1215 3382 ibid.
1225 3353 1293 3390 Proj
1299 3353 1406 3379 ohanne
1416 3352 1567 3380 Paishjbid.

909 3393 962 3419 Pro
984 3392 1098 3419 Thoma
1117 3394 1190 3429 Key.
1207 3392 1267 3420 ibid.
1302 3393 1352 3419 Pro
1369 3390 1565 3427 Christophero

910 3429 1163 3468 Hildyard,Milite.
1187 3430 1247 3457 118.
1271 3431 1323 3456 Pro
1342 3429 1464 3456 Roberto
1479 3429 1567 3457 Suifte

910 3467 1079 3497 Milite.ibid.
1098 3469 1150 3496 Pro
1167 3467 1281 3495 Thomfi
1290 3466 1491 3496 Metham.ibid.
1512 3468 1564 3495 Pro

910 3505 1058 3535 Willielmo
1074 3505 1195 3535 Alforde.
1213 3506 1274 3534 ibid.
1292 3506 1344 3534 Pro
1355 3505 1473 3533 Henrico
1483 3506 1564 3533 Goo-

907 3545 1014 3578 dricke,
1038 3544 1134 3574 Milite.
1152 3543 1213 3572 ibid.
1249 3545 1301 3571 Pro
1319 3543 1454 3571 Richaido
1476 3543 1562 3571 Chol-

908 3583 991 3622 mely.
1009 3584 1070 3612 ibid.
1106 3584 1158 3611 Pro
1171 3582 1295 3620 johanne
1311 3581 1416 3609 Gibson
1429 3602 1435 3613 ‚
1458 3581 1559 3610 Milite.

905 3621 965 3650 ibid.
1006 3623 1058 3649 Pro
1086 3621 1212 3659 johanne
1245 3620 1386 3648 Bouchier.
1411 3620 1472 3648 ibid.
1509 3621 1562 3648 Pro

906 3661 1027 3689 Henrico
1062 3660 1201 3688 Tankerd.
1239 3659 1301 3686 ibid.
1336 3659 1389 3686 Pro
1424 3659 1562 3687 Richardo

908 3701 986 3727 Hunt
1004 3720 1011 3731 ,
1038 3697 1199 3734 Theologiae
1223 3696 1375 3724 Profeffore
1398 3699 1425 3725 δι
1450 3698 1561 3725 Decano

908 3737 1094 3765 Dunelmenfi.
1113 3736 1173 3764 ibid.
1209 3735 1262 3763 Pro
1282 3735 1381 3762 Phinea
1407 3734 1561 3771 Hodgson‚

906 3776 1068 3813 Theologiae
1094 3773 1255 3802 Profeffore.
1282 3773 1341 3800 ibid.
1381 3775 1433 3801 Pro
1460 3774 1561 3800 Domi-

906 3825 944 3843 no
970 3817 1027 3851 Lcy
1051 3812 1244 3841 Thesaurario.
1267 3814 1294 3839 ὃ(
1311 3810 1375 3839 aliis.
1407 3813 1469 3839 126.
1508 3812 1561 3839 Pro

908 3854 1033 3881 Roberto
1066 3851 1179 3878 Comite
1203 3850 1297 3878 Suffex
1313 3871 1320 3882 ,
1350 3852 1376 3878 ὃ(
1397 3848 1462 3876 aliis.
1499 3858 1562 3885 ¹32·

907 3894 960 3919 Pro
989 3893 1126 3925 Deputato
1160 3889 1297 3916 Hiberniae
1315 3909 1322 3920 ,
1352 3890 1378 3916 δι
1403 3886 1469 3915 aliis.
1499 3897 1561 3924 ¹35·

906 3928 1073 3957 Commiffio
1113 3926 1288 3955 Rebellionis.
1314 3935 1376 3960 140.
1421 3927 1462 3953 Ad
1496 3935 1560 3954 exa-

907 3969 1050 3996 minandos
1074 3966 1178 3993 Testes.
1198 3965 1259 3992 ibid.
1298 3965 1350 3991 Pro
1373 3964 1499 3992 Domino
1515 3965 1561 4001 Ja-

907 4007 978 4034 cobo
1001 4008 1059 4043 Ley
1084 4004 1264 4032 Thesaurario
1286 4001 1391 4041 Angliae
1406 4023 1415 4035 ‚
1441 4005 1468 4032 δι
1496 4002 1564 4031 aliis.

911 4053 972 4080 ¹53·

1142 2512 1195 2539 Pro
1228 2512 1309 2538 Petro
1337 2510 1485 2538 Senhouse.
1505 2511 1569 2540 ibid.

1635 301 1747 327 tendum
1760 300 1883 326 Domino
1901 301 2013 327 Custodi
2033 301 2058 327 in
2071 302 2235 330 Cancellatia.
2253 302 2289 331 T.

1633 338 1714 365 VIII.
1733 339 1795 365 P.I.
1818 340 1878 369 156.
1898 339 1948 365 Pro
1975 338 2098 365 Domino
2123 341 2240 368 Custode
2260 344 2289 370 ὃς

1630 373 1686 401 aliis
1698 396 1705 407 ‚
1725 377 1757 404 de
1769 376 2008 403 {lemonta-61.
2032 376 2221 413 Appellationis
2235 388 2284 415 pro

1633 413 1745 440 Thoma
1761 415 1850 441 Hatris
1867 416 2022 441 Batonetto.
2046 423 2106 448 17¹,
2136 417 2185 441 Pro
2204 417 2285 444 Fran-

1629 450 1702 478 cisco
1727 452 1874 484 Anssowe‚
1909 451 1994 479 Milite
2020 454 2046 480 &
2071 453 2230 482 Baronettov
2257 457 2285 482 ὅτ,

1628 487 1694 515 aliis.
1719 499 1778 525 ¹7¹·
1819 492 1870 517 Pro
1895 490 2021 517 Domino
2048 490 2168 517 Custode
2195 492 2288 528 Magni

1632 525 1734 563 Sigilli.
1754 530 1781 556 ὃς
1797 527 1863 555 aliis.
1887 537 1944 564 174..
1988 530 2038 555 Pro
2058 529 2182 565 Geor-gio
2208 530 2284 556 Duce

1633 565 1834 603 Buckingham.
1862 575 1923 601 177.
1962 568 2015 594 Pro
2039 567 2177 594 Edwardo
2206 567 2285 594 Vice-

1631 604 1734 630 comite
1762 602 1930 632 Wimbleton
1948 625 1955 636 ,
1985 607 2011 632 ὅ(
2036 604 2102 632 aliis.
2134 604 2194 632 180.
2233 606 2285 633 Pro

1630 640 1791 675 Benjamino
1800 642 1968 670 Titchborne
1978 664 1984 674 ‚
1999 641 2119 671 Milite&
2131 644 2285 676 Baronetto,

1628 679 1655 705 &
1672 678 1739 705 aliis.
1763 679 1822 708 186.
1861 682 1911 707 Pro
1938 681 2062 708 Domino
2079 681 2198 709 Custode
2224 682 2284 708 Ma-

1630 716 1680 753 gni
1707 716 1808 753 sigilli,
1836 720 1863 747 &
1887 717 1953 746 aliis.
1979 721 2039 753 196.
2079 720 2130 746 Pro
2158 720 2284 757 Georgio

1634 754 1844 793 Archiepiscopo
1860 756 2059 788 Cantuai‘ienli5
2081 759 2107 785 ἃ
2130 756 2196 785 aliis.
2217 767 2281 794 203,

1634 791 1697 820 218.
1735 795 1788 821 Pro
1812 794 1935 822 Domino
1955 794 2148 828 Thesaurario,
2170 798 2196 824 δε
2217 794 2284 824 aliis.

1634 838 1698 866 ²¹3·
1738 832 1790 858 Pro
1807 831 1970 860 Cancellario
1993 833 2145 863 Hiberniae.
2168 836 2194 862 δε
2217 833 2284 862 aliis.

1633 877 1697 903 2¹5.
1734 870 1786 896 Pro
1809 869 1922 897 Olivero
1943 871 2069 898 Domino
2095 873 2135 898 St.
2157 872 2232 909 John
2250 873 2285 900 de

1628 904 1741 935 Bletsoe.
1770 908 1904 935 T.V111.
1925 909 1953 936 Ρ.
1970 909 2008 936 11.
2030 917 2055 944 3.
2094 910 2145 936 Pro
2169 910 2285 938 Thumi

1629 944 1757 972 Domino
1777 944 1867 973 Bruse.
1882 946 1946 974 ibid.
1991 948 2043 973 Pro
2071 945 2220 976 Alexandro
2244 950 2284 976 St.

1632 983 1708 1019 John
1729 1003 1737 1015 ‚
1769 982 1869 1012 Milite.
1894 984 1956 1011 ibid.
1998 986 2050 1011 Pro
2074 985 2198 1013 Roberto
2224 987 2283 1014 Na-

1629 1030 1689 1057 per,
1713 1018 1838 1050 Milite&
1854 1023 2009 1050 Batonetto.
2021 1022 2080 1050 ibid.
2103 1024 2154 1050 Pro
2171 1024 2283 1052 Thoma

1627 1059 1820 1096 Suagg.Milite
1838 1060 1899 1088 ibid.
1916 1061 1968 1087 Pro
1978 1060 2089 1087 Thoma
2098 1061 2284 1099 Tirringham.

1626 1096 1689 1124 ibid.
1727 1098 1778 1124 Pro
1798 1098 1930 1126 Edwardo
1947 1099 2122 1126 Duncombe.
2141 1099 2201 1127 ibid.
2231 1102 2283 1128 Pro

1631 1135 1767 1163 Edwardo
1776 1136 1932 1173 Conquest,
1949 1135 2044 1164 Milite.
2064 1136 2124 1164 ibid.
2144 1139 2195 1164 Pto
2204 1139 2284 1166 Fran-

1630 1172 1703 1200 cisco
1719 1174 1838 1203 Ventris.
1856 1174 1916 1202 ibid.
1954 1175 2006 1201 Pro
2022 1174 2135 1202 Thomfi
2148 1174 2284 1213 Cheyny,

1631 1210 1731 1239 Milite.
1755 1211 1817 1241 ibid.
1856 1214 1909 1240 Pro
1941 1212 2053 1240 Thoma
2087 1212 2200 1241 Boteler.
2226 1214 2287 1243 ibid.

1630 1248 1684 1275 Pro
1699 1250 1823 1287 Georgio
1836 1248 1968 1278 Blundell.
1986 1251 2045 1279 ibid.
2073 1252 2125 1278 Pro
2144 1252 2285 1279 Francisco

1630 1286 1775 1325 Crawley,
1797 1289 1936 1316 Serviente
1955 1289 1988 1317 ad
2005 1291 2118 1326 Legem.
2133 1289 2193 1317 ibid.
2233 1292 2285 1318 Pro

1631 1323 1757 1361 Johanne
1772 1327 1857 1354 Dunu
1869 1347 1877 1359 ,
1899 1327 2009 1354 Decano
2019 1328 2108 1354 Sancti
2127 1326 2198 1356 Pauli
2211 1330 2286 1356 Lon-

1631 1362 1768 1391 dou.ibid.
1787 1366 1838 1391 Pro
1847 1364 1972 1401 Johanne
1983 1364 2177 1403 Pocklington,
2187 1366 2286 1394 Theo-

1628 1398 1708 1437 logiae
1728 1403 1862 1430 Doctore.
1878 1403 1938 1431 ibid.
1978 1405 2029 1431 Pro
2055 1405 2174 1432 Henrico
2189 1405 2281 1441 Astry.

1627 1438 1688 1467 ibid.
1718 1440 1769 1466 Pso
1781 1440 1897 1468 Thoma
1915 1440 2071 1473 Edmonds,
2092 1441 2285 1474 Milite‚The·

1628 1475 1743 1504 sautario
1768 1478 1898 1516 Hospitii.
1923 1488 1952 1514 4.
1991 1480 2043 1506 Pro
2064 1479 2170 1516 Jacobo
2195 1481 2285 1508 Whit-

1627 1512 1723 1547 locke,
1746 1515 1848 1548 Milite,
1877 1516 2026 1554 justitiario
2047 1520 2078 1545 ad
2100 1517 2206 1546 Placita.
2226 1519 2288 1549 ibid.

1627 1554 1679 1581 Pro
1695 1553 1822 1590 johanne
1835 1555 1950 1585 Davies.
1973 1555 2111 1583 Serviente
2123 1558 2287 1593 Regisstbid.

1628 1591 1681 1618 Pro
1702 1591 1841 1620 Francisco
1868 1591 1993 1624 Knollis‚
2012 1592 2110 1621 Milite.
2131 1595 2193 1622 ibid.
2230 1597 2284 1622 Pro

1628 1629 1744 1658 Thoma
1768 1629 1877 1658 Vachell
1894 1652 1902 1664 ‚
1932 1630 2030 1659 Milite.
2049 1631 2110 1660 ibid.
2150 1634 2202 1659 Pro
2224 1634 2285 1660 Ro-

1628 1667 1705 1696 berto
1726 1669 1817 1705 Hyde.
1835 1669 1897 1699 ibid.
1936 1671 1988 1697 Pro
2022 1671 2141 1698 Henrico
2166 1671 2288 1707 Mattyn.

1625 1705 1687 1735 ibid.
1707 1708 1758 1734 Pro
1776 1706 1899 1735 Gabriele
1916 1707 2032 1736 Dowse.
2049 1708 2111 1737 ibid.
2137 1709 2190 1736 Pro
2207 1711 2286 1736 Tho-

1627 1746 1674 1772 πιέι
1693 1744 1802 1773 Rheade
1815 1766 1823 1778 ,
1844 1745 1942 1774 Milite.
1960 1747 2022 1774 ibid.
2061 1749 2112 1774 Pro
2137 1748 2286 1775 Edmundo

1628 1784 1750 1819 Sawyer.
1767 1783 1827 1812 ibid.
1855 1786 1908 1812 Pro
1924 1784 2151 1812 vicecancellario
2167 1786 2289 1814 Univer-

1627 1820 1709 1849 sitatis
1725 1822 1855 1851 Oxoniae.
1873 1822 1934 1851 ibid.
1971 1823 2024 1850 Pro
2042 1823 2166 1859 johanne
2182 1823 2289 1856 Bowle,

1629 1860 1741 1888 Decano
1756 1862 1864 1889 Sarum.
1879 1861 1940 1889 ibid.
1968 1862 2021 1888 Pro
2038 1862 2215 1890 Marmaduco
2231 1864 2289 1900 Ly-

1631 1907 1695 1931 me,
1722 1899 1828 1936 Legum
1845 1900 1980 1927 Doctore.
1993 1899 2053 1928 ibid.
2092 1901 2144 1927 Pro
2167 1899 2292 1929 Samuele

1629 1936 1798 1965 Bakehouse.
1819 1937 1881 1966 ibid.
1927 1939 1979 1965 Pro
2008 1936 2154 1966 Willielmo
2189 1941 2288 1967 Stone-

1627 1973 1721 2003 house.
1743 1975 1803 2005 ibid.
1846 1978 1900 2004 Pro
1927 1974 2044 2004 Waltero
2082 1975 2200 2014 Dayrell.
2225 1978 2288 2008 ibid.

1634 2014 1686 2041 Pro
1704 2012 1806 2041 Carolo
1821 2013 1969 2042 Wiseman.
1987 2014 2048 2042 ibid.
2084 2016 2137 2042 Pro
2162 2015 2289 2052 johanne

1634 2053 1774 2080 Saunders.
1790 2051 1850 2081 ibid.
1888 2054 1940 2080 Pro
1955 2053 2070 2081 Thoma
2086 2052 2219 2090 Temple,
2230 2055 2287 2082 Mi-

1633 2088 1688 2117 lite.
1709 2090 1769 2119 ibid.
1808 2092 1859 2118 Pro
1884 2091 1997 2119 Thoma
2019 2093 2044 2119 T
2049 2090 2208 2129 irringharn.
2226 2093 2288 2124 ibid.

1635 2128 1687 2155 Pro
1704 2127 1853 2157 Willielmo
1877 2127 1996 2161 Borlase,
2021 2129 2119 2157 Milite.
2138 2129 2199 2158 ibid.
2236 2133 2289 2159 Pro

1634 2164 1791 2194 Fleetwood
1804 2168 1941 2200 Dormer,
1965 2167 2062 2195 Milite.
2079 2167 2138 2195 ibid.
2165 2170 2217 2196 Pro
2238 2170 2290 2197 Ri-

1633 2204 1732 2232 chardo
1750 2205 1899 2243 Ingolsby‚
1931 2205 2029 2233 Milite.
2047 2206 2110 2234 ibid.
2148 2207 2199 2233 Pro
2226 2207 2293 2235 wil·

1635 2241 1730 2270 lielmo
1747 2243 1906 2272 Andrewes.
1920 2243 1982 2272 ibid.
2020 2246 2072 2272 Pro
2097 2244 2222 2272 Roberto
2245 2248 2294 2274 Ba-

1637 2281 1741 2312 nastre,
1762 2281 1860 2310 Milite.
1878 2282 1939 2310 ibid.
1977 2284 2028 2309 Pto
2043 2282 2165 2310 Roberto
2181 2284 2293 2317 Tirrell,

1639 2318 1737 2347 Milite.
1763 2319 1823 2349 ibid.
1870 2322 1922 2348 Pro
1949 2320 2074 2358 Johanne
2099 2322 2295 2358 Kydermister.

1639 2358 1700 2385 ibid.
1738 2358 1790 2384 Pro
1814 2357 1962 2386 Willielmo
1991 2357 2096 2386 Torhill
2111 2379 2118 2391 ‚
2147 2358 2246 2389 Milite.
2266 2370 2295 2396 5.

1641 2397 1694 2423 Pro
1713 2394 1860 2423 Willielmo
1877 2396 1982 2424 Waller.
2000 2397 2061 2425 ibid.
2099 2399 2151 2425 Pro
2176 2399 2296 2427 Henrico

1642 2432 1791 2462 Bulstrode.
1807 2434 1867 2462 ibid.
1904 2436 1956 2462 Pro
1969 2436 2083 2463 Simone
2094 2436 2217 2464 Bennett.
2236 2438 2297 2466 ibid.

1641 2471 1693 2498 Pro
1711 2471 1838 2508 johanne
1854 2473 2007 2510 Hampden.
2027 2474 2088 2503 ibid.
2112 2475 2164 2501 Pro
2186 2475 2298 2503 Williel-

1641 2519 1691 2537 mo
1707 2508 1852 2539 Hakewel.
1870 2510 1932 2539 ibid.
1951 2512 2003 2538 Pro
2018 2512 2134 2539 Thorni.
2148 2514 2228 2541 Lane.
2237 2514 2296 2543 ibid.

1643 2549 1695 2575 Pro
1709 2547 1835 2585 johanne
1851 2549 1948 2579 Cuns,
1970 2548 2067 2578 Milite.
2087 2550 2149 2578 ibid.
2178 2552 2229 2578 Pro
2245 2552 2296 2588 Jo-

1641 2584 1729 2613 hanne
1746 2585 1889 2618 Millisent‚
1908 2584 2006 2624 Milite,
2023 2587 2083 2616 ibid.
2120 2589 2172 2614 Pto
2192 2589 2297 2617 Rober-

1642 2631 1673 2651 to
1688 2627 1810 2653 Vernon.
1827 2625 1888 2653 ibid.
1915 2625 1966 2652 Pro
1985 2626 2117 2653 Edwardo
2133 2626 2218 2654 Hind.
2236 2628 2298 2656 ibid.

1642 2663 1694 2689 Pro
1721 2663 1858 2690 Richardo
1888 2664 1927 2692 St.
1953 2664 2086 2700 Geor-ge,
2121 2663 2218 2694 Milite.
2238 2666 2299 2695 ibid.

1641 2701 1692 2727 Pro
1710 2702 1821 2736 Rogero
1833 2700 1990 2730 Thornton.
2006 2702 2066 2730 ibid.
2106 2703 2158 2729 Pro
2175 2703 2299 2732 Samuele

1638 2737 1744 2767 Collins
1756 2738 1918 2777 Theologiae
1932 2740 2066 2769 Do&ore.
2081 2739 2143 2768 ibid.
2183 2743 2234 2769 Pro
2250 2743 2298 2779 Je-

1639 2777 1750 2805 ronimo
1773 2776 1847 2805 Beale
1861 2798 1868 2809 ,
1898 2777 2063 2815 Theologiae
2085 2779 2218 2807 Doctore.
2235 2781 2296 2811 ibid.

1640 2816 1691 2842 Pro
1711 2817 1850 2844 Leonardo
1861 2816 1970 2848 Mawe,
1992 2814 2152 2853 Theologiae
2164 2819 2296 2849 Doctore.

1639 2853 1700 2880 ibid.
1741 2855 1792 2881 Pro
1810 2855 1928 2882 Henrico
1946 2857 2067 2884 Vernon.
2084 2856 2147 2883 ibid.
2168 2857 2219 2883 Pro
2236 2859 2295 2885 Ro-

1643 2891 1718 2919 berto
1736 2891 1840 2921 Castell.
1858 2892 1918 2921 ibid.
1956 2894 2010 2920 Pro
2036 2892 2170 2921 Michaele
2187 2893 2297 2925 Dalton.

1638 2930 1701 2958 ibid.
1737 2931 1788 2957 Pro
1806 2930 1894 2958 Isaaco
1911 2933 2029 2960 BarroW.
2047 2932 2110 2960 ibid.
2149 2933 2200 2960 Pro
2216 2933 2298 2961 Tho-

1640 2969 1687 2995 mi.
1705 2969 1745 2996 St.
1764 2969 1843 2996 Abin.
1860 2969 1924 2997 ibid.
1945 2971 1996 2997 Pro
2015 2968 2115 2997 Carolo
2132 2971 2300 3002 Trevanion.

1635 3006 1695 3035 ibid.
1734 3008 1785 3034 Pro
1814 3006 1960 3034 Willielmo
1986 3008 2118 3037 Coriton.
2141 3008 2204 3037 ibid.
2245 3011 2297 3038 Pro

1640 3043 1739 3072 carolo
1775 3045 1970 3074 Roscarrocke.
1999 3047 2061 3075 ibid.
2101 3047 2151 3074 Pro
2184 3046 2297 3077 Themi

1640 3081 1757 3119 Wyvell.
1774 3083 1835 3112 ibid.
1872 3086 1923 3112 Pro
1940 3083 2086 3112 willielmo
2110 3085 2220 3114 Rowse.
2236 3087 2297 3115 ibid.

1638 3123 1690 3149 Pro
1712 3121 1835 3151 Samuele
1853 3122 2003 3151 Pendarvis.
2018 3123 2078 3151 ibid.
2118 3125 2168 3150 Pro
2196 3124 2298 3152 wilfri-

1639 3160 1674 3186 do
1705 3160 1839 3193 Lawson,
1868 3159 1966 3189 Milite.
1995 3162 2057 3189 ibid.
2097 3162 2148 3188 Pro
2182 3162 2295 3191 Themi

1637 3196 1792 3235 Lamplugh
1810 3219 1818 3231 ,
1855 3197 1952 3226 Milite.
1975 3199 2038 3227 ibid.
2095 3200 2146 3226 Pro
2175 3201 2296 3229 Henrico

1637 3235 1757 3264 Blincoe.
1773 3237 1836 3265 ibid.
1884 3238 1936 3264 Pro
1958 3238 2038 3264 Petro
2061 3237 2209 3267 Senhouse.
2232 3239 2295 3268 ibid.

1636 3275 1687 3302 Pro
1718 3276 1841 3311 Geor-gio
1869 3274 2024 3312 Lamplugh
2041 3294 2051 3313 5
2082 3274 2197 3305 Clerico.
2231 3277 2295 3307 ibid.

1638 3314 1689 3340 Pro
1717 3312 1829 3340 Thoma
1855 3314 1975 3342 Burdett.
2002 3315 2029 3340 6.
2068 3314 2120 3341 Pro
2149 3316 2291 3344 Francisco

1637 3350 1786 3379 I'oliambe.
1818 3351 1880 3379 ibid.
1918 3352 1969 3378 Pro
2006 3351 2132 3388 johanne
2166 3354 2292 3386 Ferners,

1636 3387 1733 3416 Milite.
1749 3388 1811 3418 ibid.
1848 3390 1900 3416 Pro
1926 3390 2004 3416 Petro
2032 3389 2189 3423 Fretchvill,
2219 3391 2292 3418 Mili-

1633 3435 1669 3455 te.
1693 3428 1756 3456 ibid.
1794 3429 1845 3455 Pro
1880 3427 2016 3456 Richardo
2049 3430 2154 3465 Harpur
2168 3450 2175 3460 ,
2215 3429 2291 3456 Mili-

1638 3473 1673 3494 te.
1698 3466 1762 3494 ibid.
1798 3467 1850 3493 Pro
1876 3466 1989 3503 Rogero
2016 3467 2140 3494 Manners
2157 3488 2163 3498 ‚
2194 3466 2291 3497 Milite.

1636 3504 1697 3533 ibid.
1735 3504 1787 3531 Pro
1814 3503 1933 3531 Henrico
1961 3505 2050 3542 Agard
2066 3525 2073 3536 ,
2105 3504 2202 3531 Milite.
2225 3505 2288 3533 ibid.

1634 3544 1685 3571 Pro
1707 3541 1832 3578 johanne
1847 3540 1985 3571 Bullocke.
2000 3543 2060 3571 ibid.
2099 3542 2150 3569 P'ro
2174 3543 2287 3570 Richar-

1634 3581 1669 3607 do
1684 3581 1802 3612 Can-ier,
1826 3578 1922 3608 Milite·
1940 3580 2002 3609 ibid.
2036 3582 2086 3607 Pro
2103 3580 2215 3608 Thoma
2227 3582 2286 3608 Do-

1634 3620 1713 3646 mino
1732 3619 1880 3657 Ridgway.
1896 3618 1958 3647 ibid.
1997 3620 2047 3645 Pro
2063 3617 2199 3645 Francisco
2214 3620 2284 3647 Vin-

1630 3665 1707 3688 cent‚
1729 3657 1817 3684 Milite
1838 3660 1865 3685 &
1891 3658 2042 3693 BaronettO.
2058 3655 2120 3684 ibid.
2159 3657 2209 3683 Pro
2229 3658 2283 3686 Ed-

1631 3694 1723 3723 wardo
1738 3695 1878 3723 Prideaux.
1893 3695 1956 3723 ibid.
1984 3695 2033 3721 Pro
2051 3693 2175 3729 johanne
2187 3695 2282 3722 whid-

1631 3735 1703 3764 don,
1728 3733 1823 3761 Milite.
1840 3733 1900 3762 ibid.
1940 3734 1991 3759 Pro
2004 3732 2126 3767 Georgio
2143 3732 2281 3771 Chudley,

1633 3773 1788 3799 Baronetto.
1806 3771 1869 3800 ibid.
1893 3771 1944 3796 Pro
1956 3766 2091 3797 Francisco
2107 3770 2214 3801 Drake,
2235 3774 2283 3800 Ba-

1630 3818 1748 3838 ronetto.
1765 3810 1827 3838 ibid.
1859 3810 1910 3835 Pro
1927 3806 2039 3834 Thoma
2058 3807 2165 3839 While,
2187 3809 2284 3840 Milite.

1629 3848 1690 3877 ibid.
1730 3849 1781 3875 Pro
1806 3846 1941 3874 Richardo
1970 3843 2112 3873 Waltham.
2129 3847 2191 3875 ibid.
2227 3850 2283 3876 Pro

1633 3885 1769 3914 Nicholao
1787 3882 1913 3913 Lutterel.
1930 3883 1990 3911 ibid.
2022 3884 2072 3910 Pro
2090 3884 2204 3914 Thomss
2216 3888 2283 3914 For-

1631 3926 1673 3953 de.
1691 3925 1752 3953 ibid.
1790 3925 1840 3950 Pro
1864 3920 2015 3956 Sampsono
2038 3921 2113 3949 Hele.
2127 3923 2189 3952 ibid.
2228 3926 2282 3953 Pro

1635 3962 1776 3990 Leonardo
1793 3962 1863 3987 Yeo.
1879 3958 1941 3987 ibid.
1978 3961 2029 3986 Pro
2053 3959 2156 3995 jacobo
2184 3962 2284 3992 Welsti.

1627 4002 1691 4030 ibid.
1718 4001 1768 4027 Pro
1784 3997 1895 4025 Thoma
1912 3996 2027 4026 Risdon.
2045 3997 2109 4028 ibid.
2128 4000 2281 4029 ProHum·

1635 4039 1706 4067 frido
1717 4039 1798 4074 Bury.
1815 4034 1877 4064 ibid.

1915 4073 1933 4099 S
2218 4080 2295 4105 Com*
